3004 4520
600 343 815 392 OXONIENSIS

209 502 344 562 fulmina
364 522 509 579 percusso
531 503 657 579 rapiunt
677 503 757 563 irata
777 502 904 563 sinistre

178 697 179 700 =
210 659 476 737 praecipitantque
497 659 564 720 solo
585 660 749 736 crepitanti
769 659 905 736 pondere
925 658 1044 719 lances:

210 816 291 875 mire
311 814 429 893 loquor,
452 817 614 876 sedenim
634 819 779 895 oongeste
799 815 913 876 oubilie
933 815 1018 892 pioae

210 973 385 1047 inveniunt,
410 973 555 1051 luteoque
576 974 731 1034 intextam
750 974 867 1050 pariete
887 976 1057 1051 torquem’

210 1130 351 1205 dixerat3
378 1133 411 1190 et
430 1131 661 1191 tacuit-mens
683 1135 788 1191 eutem
809 1132 941 1191 immota
961 1132 1117 1192 resistit-

209 1286 272 1360 ille,
297 1287 439 1346 locuturo
459 1288 580 1363 similis,
604 1288 660 1348 sed
680 1287 768 1347 nulls
789 1288 872 1348 foras
892 1308 955 1350 vox

209 1444 364 1504 truditurt
391 1464 426 1504 os
446 1445 532 1520 mgis
552 1445 665 1520 glaciat
686 1464 776 1504 mens
797 1445 896 1520 anxie,
920 1444 1025 1521 quales

210 1601 292 1661 vitra
313 1603 425 1660 notant
446 1601 565 1678 gelidae
585 1601 723 1660 brumali
743 1600 906 1677 aspergine
927 1601 1053 1662 formae.

1108 1731 1128 1764 J,
1143 1731 1167 1765 A.
1182 1733 1205 1765 (I.

656 2290 778 2332 CLXVIII

211 2389 271 2449 Sed
292 2408 349 2448 sus
369 2408 459 2448 mens
480 2387 650 2462 hominem,
674 2407 739 2447 non
759 2387 832 2446 dive
852 2387 990 2464 peounia,
1015 2388 1101 2449 ditat.

209 2486 315 2547 vivere
336 2489 465 2546 naturae
486 2486 547 2546 sois
567 2486 811 2545 convenienter?
838 2488 958 2562 egestas

210 2604 266 2644 nac
288 2587 404 2644 terrore
425 2586 545 2660 premet
566 2603 622 2643 nec
642 2604 788 2660 praesens
809 2586 902 2660 anget
921 2585 1071 2660 agentem.

213 2686 264 2742 ‘at
284 2703 435 2760 magnum
456 2685 504 2742 est
524 2683 607 2759 gazis
628 2682 733 2742 oeulos
753 2681 980 2758 praestringere
1000 2681 1108 2759 vulgi'

211 2781 337 2841 divitias
357 2780 495 2855 miseras,
520 2781 687 2840 hominum
708 2779 871 2855 locupletis
891 2779 925 2838 in
947 2800 1007 2853 ore,

210 2879 355 2955 pauperis
376 2879 557 2953 introrsum,
581 2879 629 2937 nil
648 2897 799 2955 magnum
819 2881 852 2936 at
872 2878 987 2954 grande
1008 2879 1153 2956 videntis,

210 2978 264 3038 sad
285 2977 418 3036 minima
433 2979 469 3037 'et
489 2997 594 3036 rerum
615 2977 722 3036 sordes
742 2978 774 3035 et
793 2975 869 3035 vilia
890 2979 1047 3053 quaeque!

210 3076 307 3136 servit
327 3076 476 3136 avaritiae
497 3096 553 3135 neo
573 3075 659 3152 largo
680 3095 810 3133 munere
831 3075 931 3133 terrae

210 3177 375 3234 contentus
396 3193 596 3250 quaeeunque
617 3173 716 3232 latent
736 3173 821 3231 male
840 3171 954 3231 damna
974 3192 1030 3247 per
1050 3174 1157 3233 orbem

211 3273 332 3349 quaerit
352 3272 448 3332 homo
470 3273 562 3349 atque
583 3271 697 3331 effossa
716 3270 806 3347 repit
847 3269 924 3328 deus
945 3270 1051 3330 omnia
1071 3272 1208 3347 prudens

211 3391 288 3448 quae
309 3371 454 3446 prodesse
475 3372 598 3447 queant,
623 3369 712 3428 nullo
732 3367 869 3427 tollenda
890 3367 1002 3442 labore,

209 3469 244 3528 in
264 3471 414 3545 promptu
434 3468 546 3544 posuit,
571 3467 791 3546 quaerentibus
812 3466 926 3525 obtulit
947 3467 1050 3542 ultr03

210 3568 349 3627 condidit
370 3566 580 3642 abstrusitque
601 3565 752 3626 nocentia.
797 3564 868 3642 quis
888 3584 1051 3640 pereamus

210 3666 358 3740 eruimus,
382 3684 461 3743 quae
482 3664 599 3724 defodit
620 3667 733 3724 natura
754 3664 898 3741 deusque.

1090 3773 1123 3808 W.
1137 3772 1163 3808 R.
1175 3772 1203 3807 Η.
