3052 4496
618 355 832 404 oxomensis
1169 359 1225 420 177

694 544 762 586 cvn

226 639 310 698 Mors
331 659 394 718 age,
420 641 483 700 dux
503 641 661 716 longaeva,
686 645 786 701 ratem
807 641 884 718 quin
903 640 1080 702 solvimus?
1106 639 1202 700 huius

265 740 441 815 pertaesum
462 741 652 798 est-cessas
673 740 807 816 pandere
828 739 1080 816 velat-plagae.

227 836 254 894 si
275 836 360 895 color
379 838 427 894 est
449 836 540 913 caelo,
563 836 591 895 si
612 837 767 913 fluctibus,
790 837 966 922 atramenti,

267 936 392 1010 pectora
413 954 491 1010 quae
511 934 595 993 nosti
616 934 735 994 lumine
756 935 849 1012 plena
869 935 964 996 vides.

227 1033 321 1092 funde
342 1035 434 1092 tuum
454 1033 553 1092 fessos
574 1033 701 1092 doctum
722 1053 857 1093 recreare
876 1053 1055 1094 venenum:

268 1131 325 1189 hac
347 1131 481 1190 domitos
502 1131 629 1190 flamma
650 1131 783 1208 gurgitis
803 1131 867 1190 ima
887 1132 1026 1208 trahunt,

229 1249 283 1288 seu
304 1229 380 1288 latet
401 1229 545 1306 Elysium
567 1250 621 1289 seu
642 1232 796 1305 Tartarus,
820 1231 885 1290 ima
906 1232 1048 1307 petemus
1059 1253 1066 1303 ;

271 1327 346 1403 quid
367 1327 409 1387 sit
428 1327 463 1385 in
483 1327 600 1404 ignotis
622 1330 685 1388 stat
705 1329 840 1405 reperire
862 1329 944 1390 novi.

686 1521 770 1578 ‘cvm

231 1633 291 1692 Sed
312 1632 413 1692 Marte
434 1632 543 1710 iniquo
564 1653 669 1710 pugne
689 1654 748 1694 nos
768 1636 894 1694 manet:
923 1634 994 1708 scio,

232 1731 369 1807 sciatque
390 1733 536 1791 nostrum
556 1732 695 1808 quisque.
741 1732 879 1792 multum
900 1731 998 1792 armis
1018 1731 1123 1791 valent

232 1830 337 1889 hostes
356 1832 397 1905 et,
421 1850 508 1889 arma
530 1850 608 1907 quae
630 1833 725 1907 regat,
749 1829 923 1907 prudentia.

234 1948 296 1987 non
318 1947 388 2005 spes
409 1927 443 1986 in
464 1928 562 1987 aciem
583 1949 642 1988 nos
663 1928 762 1987 trahit
783 1928 940 2004 victoriae,

232 2045 309 2101 gens
329 2028 396 2085 tota
417 2026 470 2085 sed
492 2046 531 2085 ne
551 2029 673 2103 pereat:
701 2026 760 2086 hoc
781 2026 961 2102 aequalibus

233 2127 389 2200 praestare
410 2125 614 2202 posterisque,
638 2125 772 2202 principi
793 2124 889 2184 simul

236 2223 388 2298 gentique,
413 2243 530 2283 munus
551 2223 699 2299 debitum,
724 2222 926 2297 conabimur;

235 2324 355 2380 certum
375 2323 423 2380 est
435 2323 580 2381 'tenentis
601 2323 728 2382 dextera
747 2322 868 2382 ferrum
889 2341 986 2381 manu

236 2423 379 2495 oppetere
400 2420 505 2496 potius
525 2420 629 2480 vincla
650 2441 746 2498 quam
767 2421 872 2498 segnis
892 2418 959 2497 pati

236 2520 367 2596 ducique
388 2520 520 2579 vinctos.
564 2519 623 2578 hec
643 2518 696 2579 vie
715 2519 924 2596 pergentibus,

237 2638 331 2694 quam
353 2637 436 2677 nunc
457 2617 583 2693 inimus,
607 2617 675 2693 ipsa
696 2618 924 2678 contemnenda
945 2637 1039 2690 mors,

237 2715 283 2773 nil
304 2734 369 2773 non
389 2714 552 2773 ferendum
572 2719 628 2775 est
673 2719 778 2776 mente
799 2715 842 2775 sic
863 2715 955 2774 firma
977 2715 1072 2786 decet,
1157 2737 1161 2750 ·

237 2814 329 2872 rebus
351 2812 502 2887 secundis,
527 2813 575 2872 dis
596 2814 781 2890 faventibus,
805 2814 916 2890 pedem

237 2911 383 2988 proferre.
429 2910 534 2986 parvis
555 2931 670 2988 magna
691 2912 814 2988 saepius
833 2911 896 2971 viri
990 2963 993 2975 .

179 3013 181 3018 ’
239 3011 335 3068 fortes
355 3009 496 3068 tulerunt
517 3010 636 3084 opibus.
682 3011 755 3069 hinc
776 3009 880 3069 absint
900 3008 1009 3085 procul

240 3107 416 3183 quicunque
437 3106 532 3166 inerti
553 3108 669 3167 debiles
689 3110 816 3183 torpent
837 3107 908 3180 situ,

240 3205 418 3282 quicunque
439 3205 584 3276 inaudax,
605 3206 719 3280 lentus,
745 3225 879 3264 ausurus
899 3204 990 3278 nihil,

241 3303 371 3363 consilia
391 3304 498 3364 turbat
518 3306 638 3377 cuncta,
662 3304 709 3362 nil
729 3322 841 3362 curans
862 3302 925 3362 nisi

243 3404 277 3460 ut
297 3402 363 3479 ipse
384 3402 470 3478 turpi
489 3402 668 3478 perfruatur
688 3401 760 3461 otio·

242 3500 417 3572 velim,hos
436 3501 552 3560 abesse.
594 3500 694 3574 ceteri,
719 3499 793 3559 freti
813 3499 886 3575 deis²

242 3598 320 3658 ferte
340 3618 427 3658 arma
447 3619 579 3659 mecum.

329 3775 356 3818 12
