3010 4494
634 391 848 439 OXONIENSIS

699 824 774 865 XLVI

370 930 472 994 Πόθος
494 926 520 992 δ’
544 928 649 992 ἔπειτα
671 930 717 995 δὶς
734 929 826 995 τόσος
847 926 878 1008 μ’
899 927 1070 1011 ὑπέρχεται,

362 1033 503 1098 λυθέντος
525 1033 643 1115 ἔχθους·
679 1031 754 1117 κᾷτα
776 1039 834 1097 τῶν
856 1031 951 1113 πόρος
974 1034 1084 1110 φόβων

368 1137 585 1219 ἀπαλλαγεῖσα
607 1141 682 1199 κατὰ
703 1137 827 1217 βάθρων
851 1134 1043 1218 ὧρμησόμην,

367 1241 464 1322 χαμαί
483 1265 517 1304 τε
538 1239 671 1322 ῥιφθεῖσ’
693 1241 914 1323 αἱματοσταγές
937 1241 1026 1318 δέμας

368 1345 401 1406 έν
423 1343 571 1425 ἀγκάλαις
593 1343 695 1421 ἔθηκα,
719 1345 774 1407 κόικ
795 1348 905 1426 χθονδς
928 1345 1003 1425 κόρα

368 1448 472 1527 έπῆρα,
494 1447 583 1529 χείλη
607 1448 826 1529 προσφέρουσα
847 1451 978 1531 χείλεσι,

367 1548 525 1637 θνῄσκοντι
548 1550 574 1614 δ’
596 1551 683 1615 εἶπον
705 1551 794 1615 πάνθ’
817 1549 866 1614 ὄπ’
889 1555 1048 1635 εἴργασμαι
1072 1551 1157 1615 κακά.

368 1655 384 1716 ὁ
407 1651 432 1718 δ’
455 1654 492 1717 αὖ
513 1681 551 1737 με
573 1659 672 1719 δεινδν
694 1653 896 1736 προσβλέπει,
919 1655 1032 1720 κᾶπειτ’
1056 1657 1113 1739 έγδ

367 1757 477 1838 έμαθον
499 1763 572 1838 πρδς
594 1759 660 1825 οἵας
683 1761 839 1840 αυμφορδς
863 1757 1006 1838 ἐλήλυθα.

366 1861 383 1922 ὁ
406 1862 432 1925 δ’
455 1861 495 1928 ὧς
517 1863 617 1941 ἀφῆκε
638 1866 756 1941 πνεῦμα
778 1861 956 1946 τοῦσχατον,
978 1863 1047 1926 τότε

367 1964 494 2031 πένθους
517 1991 549 2030 τε
571 1965 682 2045 βέλεσι
705 1963 753 2028 καὶ
777 1967 871 2028 πόθου
895 1965 1071 2048 κεντουμένη

367 2070 398 2132 έκ
421 2073 477 2152 γῆς
498 2067 615 2150 Ἐρινὺς
638 2070 677 2136 ὥς
699 2095 744 2135 τις
768 2067 973 2149 έξανίσταμαι,

366 2171 484 2254 γέροντι
507 2173 543 2254 δ’,
567 2175 664 2258 όσπερ
685 2172 851 2255 γονυπετὴς
874 2177 969 2236 κεῖται
992 2173 1085 2257 πέδῳ,

366 2277 470 2343 ἀστοῖς
492 2305 525 2342 τε
549 2282 626 2340 πᾶσι
648 2275 742 2340 τοιάδ’
765 2275 883 2355 ἐξεῖπον
905 2277 1003 2355 μόλις·

366 2377 389 2444 ὦ
411 2386 499 2462 μῶρε,
522 2381 599 2444 τοῦτ’
622 2381 692 2459 ἴσθ’,
716 2379 756 2446 ὡς
779 2379 884 2443 τέκνου
906 2379 1015 2461 πέφυκ’
1038 2381 1096 2461 ἐγὼ

364 2484 443 2548 τοῦδ’
466 2484 636 2562 αὐτοέντης,
660 2484 710 2546 καί
732 2509 770 2546 σε
793 2481 842 2547 καὶ
864 2482 930 2549 τοὺς
952 2484 1024 2550 σοδς
1048 2482 1131 2549 θεοὺς

366 2586 550 2668 έξηπότησα,
573 2589 661 2652 τόνδε
682 2593 733 2652 τοῦ
756 2588 852 2651 πόθου
873 2587 963 2671 χάριν

366 2691 523 2773 σφόξασα,
545 2690 646 2770 πόσης
669 2693 766 2757 αἰτίας
790 2691 945 2773 ἀκήρατον.

365 2794 513 2859 δπέπτυσ’
535 2795 636 2876 ἄμφω,
661 2796 711 2857 καί
731 2820 768 2858 σε
791 2792 838 2858 καὶ
862 2795 947 2861 θεοὺς
970 2794 1039 2874 ἅμα,

366 2899 486 2965 δολίαις
504 2897 646 2979 γυναικὸς
667 2905 818 2981 μηχαναῖς
840 2895 1013 2985 ᾑρημένους.

365 3001 410 3082 ἆρ’
432 2999 499 3085 οὐχὶ
520 3009 628 3083 μῶρος,
649 3000 681 3068 δς
704 3003 757 3066 τὸν
778 3002 928 3086 ἄγχιστον
950 3006 1093 3085 στυγεῖς,·

364 3106 446 3184 ὑμεῖς
469 3103 503 3182 δ’,
527 3105 651 3170 ἄνακτες
673 3103 696 3168 ὦ
718 3105 816 3185 μάτην
838 3106 1008 3188 τιμώμενοι,

366 3210 412 3274 οῖς
432 3208 500 3275 τοὺς
523 3210 655 3276 δικαίους
678 3211 891 3272 ἇντιτίσασθαι
913 3210 1017 3288 καλόν,

363 3312 461 3390 λύπης
484 3312 508 3377 δ’
531 3312 658 3379 ἆνότους
680 3312 748 3379 τοὺς
773 3312 879 3379 κακοὺς
902 3313 1047 3394 μεθιέναι,

367 3417 502 3480 ὄλοισθε·
534 3420 633 3483 τοίους
657 3417 700 3480 τίς
723 3417 749 3480 δ’
770 3415 809 3480 δν
831 3415 865 3480 οὗ
887 3422 975 3497 μισοῖ
994 3419 1103 3490 θεοός;

1096 3533 1122 3568 ι.
1135 3532 1157 3567 ι
1172 3534 1201 3566 ιι.
