<?xml version="1.0" encoding="UTF-8"?>
<!DOCTYPE html PUBLIC "-//W3C//DTD XHTML 1.0 Transitional//EN"
    "http://www.w3.org/TR/xhtml1/DTD/xhtml1-transitional.dtd">
<html xmlns="http://www.w3.org/1999/xhtml" xml:lang="en" lang="en">
 <head>
  <title>
</title>
<meta http-equiv="Content-Type" content="text/html;charset=utf-8" />
  <meta name='ocr-system' content='tesseract 3.04.00' />
  <meta name='ocr-capabilities' content='ocr_page ocr_carea ocr_par ocr_line ocrx_word'/>
</head>
<body>
  <div class='ocr_page' id='page_1' title='image "./novaanthologiao01godlgoog/novaanthologiao01godlgoog_0241.png"; bbox 0 0 3004 4520; ppageno 0'>
   <div class='ocr_carea' id='block_1_1' title="bbox 593 342 808 391">
    <p class='ocr_par' dir='ltr' id='par_1_1' title="bbox 593 342 808 391">
     <span class='ocr_line' id='line_1_1' title="bbox 593 342 808 391; baseline 0.005 -2"><span class='ocrx_word' id='word_1_1' title='bbox 593 342 808 391; x_wconf 86' lang='lat' dir='ltr'>OXONIENSIS</span> 
     </span>
    </p>
   </div>
   <div class='ocr_carea' id='block_1_2' title="bbox 656 631 743 673">
    <p class='ocr_par' dir='ltr' id='par_1_2' title="bbox 656 631 743 673">
     <span class='ocr_line' id='line_1_2' title="bbox 656 631 743 673; baseline -0.011 0"><span class='ocrx_word' id='word_1_2' title='bbox 656 631 743 673; x_wconf 79' lang='lat' dir='ltr'>cxm</span> 
     </span>
    </p>
   </div>
   <div class='ocr_carea' id='block_1_3' title="bbox 330 729 944 810">
    <p class='ocr_par' dir='ltr' id='par_1_3' title="bbox 330 729 944 810">
     <span class='ocr_line' id='line_1_3' title="bbox 330 729 944 810; baseline 0.002 -20"><span class='ocrx_word' id='word_1_3' title='bbox 330 729 396 792; x_wconf 94' lang='grc' dir='ltr'>Νέα</span> <span class='ocrx_word' id='word_1_4' title='bbox 417 731 472 807; x_wconf 72' lang='grc' dir='ltr'>μὲν</span> <span class='ocrx_word' id='word_1_5' title='bbox 495 729 543 792; x_wconf 86' lang='grc' dir='ltr'>ὧδ’</span> <span class='ocrx_word' id='word_1_6' title='bbox 568 729 694 810; x_wconf 83' lang='grc' dir='ltr'>ἆρθεῖσα</span> <span class='ocrx_word' id='word_1_7' title='bbox 716 732 840 792; x_wconf 79' lang='grc' dir='ltr'>κινεῖται</span> <span class='ocrx_word' id='word_1_8' title='bbox 862 729 944 810; x_wconf 85' lang='grc' dir='ltr'>μάχη</span> 
     </span>
    </p>
   </div>
   <div class='ocr_carea' id='block_1_4' title="bbox 291 832 1068 3818">
    <p class='ocr_par' dir='ltr' id='par_1_4' title="bbox 329 832 1021 1226">
     <span class='ocr_line' id='line_1_4' title="bbox 331 832 1001 918; baseline 0.004 -23"><span class='ocrx_word' id='word_1_9' title='bbox 331 835 525 915; x_wconf 81' lang='grc' dir='ltr'>δυσχείμερος</span> <span class='ocrx_word' id='word_1_10' title='bbox 549 833 676 897; x_wconf 78' lang='grc' dir='ltr'>κλύδοινι</span> <span class='ocrx_word' id='word_1_11' title='bbox 699 832 755 895; x_wconf 85' lang='grc' dir='ltr'>σὺν</span> <span class='ocrx_word' id='word_1_12' title='bbox 778 833 885 918; x_wconf 73' lang='grc' dir='ltr'>πολλῷ</span> <span class='ocrx_word' id='word_1_13' title='bbox 906 834 1001 914; x_wconf 85' lang='grc' dir='ltr'>δορός·</span> 
     </span>
     <span class='ocr_line' id='line_1_5' title="bbox 329 937 1021 1018; baseline 0.004 -19"><span class='ocrx_word' id='word_1_14' title='bbox 329 939 425 1018; x_wconf 83' lang='grc' dir='ltr'>ὄρφνη</span> <span class='ocrx_word' id='word_1_15' title='bbox 449 937 475 999; x_wconf 84' lang='grc' dir='ltr'>δ’</span> <span class='ocrx_word' id='word_1_16' title='bbox 498 937 592 1018; x_wconf 84' lang='grc' dir='ltr'>ἄωρος</span> <span class='ocrx_word' id='word_1_17' title='bbox 614 941 755 1018; x_wconf 84' lang='grc' dir='ltr'>λαμπρὸν</span> <span class='ocrx_word' id='word_1_18' title='bbox 778 937 861 1000; x_wconf 79' lang='grc' dir='ltr'>εἶλεν</span> <span class='ocrx_word' id='word_1_19' title='bbox 886 937 1021 1018; x_wconf 86' lang='grc' dir='ltr'>οὐρανόν,</span> 
     </span>
     <span class='ocr_line' id='line_1_6' title="bbox 329 1039 1021 1128; baseline 0.006 -26"><span class='ocrx_word' id='word_1_20' title='bbox 329 1040 478 1122; x_wconf 79' lang='grc' dir='ltr'>σκήψασα</span> <span class='ocrx_word' id='word_1_21' title='bbox 502 1040 528 1106; x_wconf 88' lang='grc' dir='ltr'>δ’</span> <span class='ocrx_word' id='word_1_22' title='bbox 552 1043 646 1125; x_wconf 86' lang='grc' dir='ltr'>έσχεν</span> <span class='ocrx_word' id='word_1_23' title='bbox 668 1043 770 1122; x_wconf 84' lang='grc' dir='ltr'>ὥσπερ</span> <span class='ocrx_word' id='word_1_24' title='bbox 794 1042 909 1128; x_wconf 77' lang='grc' dir='ltr'>ἀγχόνῃ</span> <span class='ocrx_word' id='word_1_25' title='bbox 933 1039 1021 1122; x_wconf 74' lang='grc' dir='ltr'>φάος,</span> 
     </span>
     <span class='ocr_line' id='line_1_7' title="bbox 329 1145 936 1226; baseline 0.003 -20"><span class='ocrx_word' id='word_1_26' title='bbox 329 1145 452 1226; x_wconf 89' lang='grc' dir='ltr'>άπειρον</span> <span class='ocrx_word' id='word_1_27' title='bbox 476 1147 655 1226; x_wconf 76' lang='grc' dir='ltr'>ἐμβαλοῦσα</span> <span class='ocrx_word' id='word_1_28' title='bbox 677 1146 794 1208; x_wconf 84' lang='grc' dir='ltr'>δίκτυον</span> <span class='ocrx_word' id='word_1_29' title='bbox 818 1146 936 1208; x_wconf 83' lang='grc' dir='ltr'>σκότου·</span> 
     </span>
    </p>

    <p class='ocr_par' dir='ltr' id='par_1_5' title="bbox 326 1246 1038 1749">
     <span class='ocr_line' id='line_1_8' title="bbox 328 1246 931 1332; baseline 0 -22"><span class='ocrx_word' id='word_1_30' title='bbox 328 1250 379 1312; x_wconf 84' lang='grc' dir='ltr'>ἰῶν</span> <span class='ocrx_word' id='word_1_31' title='bbox 403 1252 435 1313; x_wconf 72' lang='grc' dir='ltr'>δὲ</span> <span class='ocrx_word' id='word_1_32' title='bbox 457 1255 601 1332; x_wconf 80' lang='grc' dir='ltr'>κρεῖσσον</span> <span class='ocrx_word' id='word_1_33' title='bbox 624 1248 717 1327; x_wconf 81' lang='grc' dir='ltr'>ὀξέων</span> <span class='ocrx_word' id='word_1_34' title='bbox 740 1247 804 1311; x_wconf 88' lang='grc' dir='ltr'>κατ’</span> <span class='ocrx_word' id='word_1_35' title='bbox 826 1246 931 1328; x_wconf 79' lang='grc' dir='ltr'>αἰθέρα</span> 
     </span>
     <span class='ocr_line' id='line_1_9' title="bbox 329 1350 1038 1440; baseline 0.004 -25"><span class='ocrx_word' id='word_1_36' title='bbox 329 1350 474 1434; x_wconf 75' lang='grc' dir='ltr'>στεροπαὶ</span> <span class='ocrx_word' id='word_1_37' title='bbox 497 1355 623 1440; x_wconf 75' lang='grc' dir='ltr'>διῇσσον</span> <span class='ocrx_word' id='word_1_38' title='bbox 646 1352 720 1416; x_wconf 85' lang='grc' dir='ltr'>αἰέν·</span> <span class='ocrx_word' id='word_1_39' title='bbox 751 1351 825 1414; x_wconf 87' lang='grc' dir='ltr'>ὥσθ’</span> <span class='ocrx_word' id='word_1_40' title='bbox 846 1351 933 1431; x_wconf 77' lang='grc' dir='ltr'>ἡμεῖς</span> <span class='ocrx_word' id='word_1_41' title='bbox 956 1357 1038 1418; x_wconf 78' lang='grc' dir='ltr'>τινος</span> 
     </span>
     <span class='ocr_line' id='line_1_10' title="bbox 326 1455 959 1539; baseline 0.002 -20"><span class='ocrx_word' id='word_1_42' title='bbox 326 1456 481 1522; x_wconf 85' lang='grc' dir='ltr'>δείσαντες</span> <span class='ocrx_word' id='word_1_43' title='bbox 503 1455 697 1539; x_wconf 83' lang='grc' dir='ltr'>ὀργισθέντος</span> <span class='ocrx_word' id='word_1_44' title='bbox 720 1457 753 1518; x_wconf 87' lang='grc' dir='ltr'>έκ</span> <span class='ocrx_word' id='word_1_45' title='bbox 777 1459 846 1519; x_wconf 85' lang='grc' dir='ltr'>θεοῦ</span> <span class='ocrx_word' id='word_1_46' title='bbox 871 1455 959 1520; x_wconf 88' lang='grc' dir='ltr'>κότον</span> 
     </span>
     <span class='ocr_line' id='line_1_11' title="bbox 327 1557 1034 1640; baseline 0.003 -20"><span class='ocrx_word' id='word_1_47' title='bbox 327 1560 482 1639; x_wconf 85' lang='grc' dir='ltr'>ὀκνοῢμεν·</span> <span class='ocrx_word' id='word_1_48' title='bbox 512 1561 540 1622; x_wconf 80' lang='grc' dir='ltr'>οἱ</span> <span class='ocrx_word' id='word_1_49' title='bbox 564 1557 589 1622; x_wconf 89' lang='grc' dir='ltr'>δ’</span> <span class='ocrx_word' id='word_1_50' title='bbox 612 1558 741 1624; x_wconf 80' lang='grc' dir='ltr'>ἅπαντες</span> <span class='ocrx_word' id='word_1_51' title='bbox 765 1558 804 1623; x_wconf 82' lang='grc' dir='ltr'>ὡς</span> <span class='ocrx_word' id='word_1_52' title='bbox 827 1557 1034 1640; x_wconf 88' lang='grc' dir='ltr'>χαλκόστομοι</span> 
     </span>
     <span class='ocr_line' id='line_1_12' title="bbox 327 1662 840 1749; baseline -0.002 -24"><span class='ocrx_word' id='word_1_53' title='bbox 327 1662 413 1749; x_wconf 77' lang='grc' dir='ltr'>φωνῇ</span> <span class='ocrx_word' id='word_1_54' title='bbox 434 1667 537 1743; x_wconf 84' lang='grc' dir='ltr'>βόαμα</span> <span class='ocrx_word' id='word_1_55' title='bbox 559 1666 763 1746; x_wconf 76' lang='grc' dir='ltr'>μυριοπληθὲς</span> <span class='ocrx_word' id='word_1_56' title='bbox 786 1663 840 1745; x_wconf 75' lang='grc' dir='ltr'>μιᾷ</span> 
     </span>
    </p>

    <p class='ocr_par' dir='ltr' id='par_1_6' title="bbox 324 1767 981 2366">
     <span class='ocr_line' id='line_1_13' title="bbox 327 1767 911 1849; baseline 0.002 -21"><span class='ocrx_word' id='word_1_57' title='bbox 327 1767 421 1833; x_wconf 81' lang='grc' dir='ltr'>ἱέντες</span> <span class='ocrx_word' id='word_1_58' title='bbox 444 1769 598 1831; x_wconf 77' lang='grc' dir='ltr'>ἐκσείουσι</span> <span class='ocrx_word' id='word_1_59' title='bbox 620 1770 677 1849; x_wconf 79' lang='grc' dir='ltr'>γῆν</span> <span class='ocrx_word' id='word_1_60' title='bbox 699 1767 911 1846; x_wconf 86' lang='grc' dir='ltr'>μεσόμφαλον·</span> 
     </span>
     <span class='ocr_line' id='line_1_14' title="bbox 326 1869 960 1951; baseline 0.003 -19"><span class='ocrx_word' id='word_1_61' title='bbox 326 1869 464 1951; x_wconf 90' lang='grc' dir='ltr'>διερράγη</span> <span class='ocrx_word' id='word_1_62' title='bbox 489 1869 514 1932; x_wconf 92' lang='grc' dir='ltr'>δ’</span> <span class='ocrx_word' id='word_1_63' title='bbox 537 1873 553 1932; x_wconf 94' lang='grc' dir='ltr'>ὁ</span> <span class='ocrx_word' id='word_1_64' title='bbox 577 1875 692 1950; x_wconf 81' lang='grc' dir='ltr'>τυφλὸς</span> <span class='ocrx_word' id='word_1_65' title='bbox 717 1871 840 1951; x_wconf 84' lang='grc' dir='ltr'>οὐρανοῦ</span> <span class='ocrx_word' id='word_1_66' title='bbox 864 1869 960 1934; x_wconf 89' lang='grc' dir='ltr'>πόλος</span> 
     </span>
     <span class='ocr_line' id='line_1_15' title="bbox 325 1973 949 2059; baseline -0.002 -23"><span class='ocrx_word' id='word_1_67' title='bbox 325 1977 452 2038; x_wconf 82' lang='grc' dir='ltr'>παιῖινος</span> <span class='ocrx_word' id='word_1_68' title='bbox 476 1974 579 2056; x_wconf 84' lang='grc' dir='ltr'>ὥσπερ</span> <span class='ocrx_word' id='word_1_69' title='bbox 603 1973 722 2059; x_wconf 77' lang='grc' dir='ltr'>ἐμβολῇ</span> <span class='ocrx_word' id='word_1_70' title='bbox 745 1973 949 2054; x_wconf 90' lang='grc' dir='ltr'>πανωλέθρου,</span> 
     </span>
     <span class='ocr_line' id='line_1_16' title="bbox 326 2075 981 2161; baseline 0.002 -23"><span class='ocrx_word' id='word_1_71' title='bbox 326 2077 400 2139; x_wconf 83' lang='grc' dir='ltr'>ὥσθ’</span> <span class='ocrx_word' id='word_1_72' title='bbox 422 2077 440 2155; x_wconf 83' lang='grc' dir='ltr'>ἡ</span> <span class='ocrx_word' id='word_1_73' title='bbox 463 2080 519 2161; x_wconf 80' lang='grc' dir='ltr'>βίη</span> <span class='ocrx_word' id='word_1_74' title='bbox 543 2083 691 2156; x_wconf 85' lang='grc' dir='ltr'>κρατοῦσα</span> <span class='ocrx_word' id='word_1_75' title='bbox 714 2075 769 2154; x_wconf 86' lang='grc' dir='ltr'>νὺξ</span> <span class='ocrx_word' id='word_1_76' title='bbox 788 2075 981 2159; x_wconf 80' lang='grc' dir='ltr'>μεσημβρινὴ</span> 
     </span>
     <span class='ocr_line' id='line_1_17' title="bbox 325 2179 893 2264; baseline 0.004 -22"><span class='ocrx_word' id='word_1_77' title='bbox 325 2179 511 2260; x_wconf 85' lang='grc' dir='ltr'>ἇντηλάλαξ’</span> <span class='ocrx_word' id='word_1_78' title='bbox 534 2180 649 2245; x_wconf 84' lang='grc' dir='ltr'>ἄνωθεν</span> <span class='ocrx_word' id='word_1_79' title='bbox 671 2180 761 2263; x_wconf 80' lang='grc' dir='ltr'>άντίιρ</span> <span class='ocrx_word' id='word_1_80' title='bbox 785 2179 893 2264; x_wconf 79' lang='grc' dir='ltr'>κτύπῳ·</span> 
     </span>
     <span class='ocr_line' id='line_1_18' title="bbox 324 2280 976 2366; baseline 0 -20"><span class='ocrx_word' id='word_1_81' title='bbox 324 2289 441 2349; x_wconf 84' lang='grc' dir='ltr'>τοιοῦτο</span> <span class='ocrx_word' id='word_1_82' title='bbox 464 2285 490 2348; x_wconf 87' lang='grc' dir='ltr'>δ’</span> <span class='ocrx_word' id='word_1_83' title='bbox 513 2285 699 2364; x_wconf 81' lang='grc' dir='ltr'>ἄντηόδησεν</span> <span class='ocrx_word' id='word_1_84' title='bbox 722 2280 852 2366; x_wconf 75' lang='grc' dir='ltr'>ὡσπερεὶ</span> <span class='ocrx_word' id='word_1_85' title='bbox 875 2281 976 2346; x_wconf 89' lang='grc' dir='ltr'>σάλου</span> 
     </span>
    </p>

    <p class='ocr_par' dir='ltr' id='par_1_7' title="bbox 291 2387 1068 2678">
     <span class='ocr_line' id='line_1_19' title="bbox 291 2387 953 2472; baseline -0.002 -22"><span class='ocrx_word' id='word_1_86' title='bbox 291 2442 295 2450; x_wconf 91' lang='grc'><em>.</em></span> <span class='ocrx_word' id='word_1_87' title='bbox 325 2390 495 2472; x_wconf 82' lang='grc' dir='ltr'>πλημμυρὶς</span> <span class='ocrx_word' id='word_1_88' title='bbox 518 2387 670 2471; x_wconf 83' lang='grc' dir='ltr'>έκρήξειεν</span> <span class='ocrx_word' id='word_1_89' title='bbox 692 2387 820 2470; x_wconf 82' lang='grc' dir='ltr'>οὐρανοῦ</span> <span class='ocrx_word' id='word_1_90' title='bbox 844 2388 953 2450; x_wconf 85' lang='grc' dir='ltr'>κάκλον</span> 
     </span>
     <span class='ocr_line' id='line_1_20' title="bbox 326 2488 1068 2574; baseline 0 -20"><span class='ocrx_word' id='word_1_91' title='bbox 326 2492 475 2571; x_wconf 82' lang='grc' dir='ltr'>στέφανοί</span> <span class='ocrx_word' id='word_1_92' title='bbox 494 2518 528 2557; x_wconf 87' lang='grc' dir='ltr'>τε</span> <span class='ocrx_word' id='word_1_93' title='bbox 551 2492 670 2574; x_wconf 79' lang='grc' dir='ltr'>πύργων</span> <span class='ocrx_word' id='word_1_94' title='bbox 694 2491 838 2574; x_wconf 79' lang='grc' dir='ltr'>φρούριόν</span> <span class='ocrx_word' id='word_1_95' title='bbox 859 2489 884 2553; x_wconf 89' lang='grc' dir='ltr'>τ’</span> <span class='ocrx_word' id='word_1_96' title='bbox 911 2488 1068 2568; x_wconf 81' lang='grc' dir='ltr'>ἐπάλξεων</span> 
     </span>
     <span class='ocr_line' id='line_1_21' title="bbox 324 2596 928 2678; baseline 0.007 -22"><span class='ocrx_word' id='word_1_97' title='bbox 324 2597 467 2676; x_wconf 83' lang='grc' dir='ltr'>ἄστροισι</span> <span class='ocrx_word' id='word_1_98' title='bbox 489 2597 676 2675; x_wconf 80' lang='grc' dir='ltr'>ποικίλειμον</span> <span class='ocrx_word' id='word_1_99' title='bbox 697 2596 831 2678; x_wconf 77' lang='grc' dir='ltr'>ὑψίστου</span> <span class='ocrx_word' id='word_1_100' title='bbox 854 2600 928 2660; x_wconf 83' lang='grc' dir='ltr'>Διὸς</span> 
     </span>
    </p>

    <p class='ocr_par' dir='ltr' id='par_1_8' title="bbox 321 2695 1023 3818">
     <span class='ocr_line' id='line_1_22' title="bbox 325 2695 954 2784; baseline -0.002 -22"><span class='ocrx_word' id='word_1_101' title='bbox 325 2698 379 2778; x_wconf 84' lang='grc' dir='ltr'>ἤδη</span> <span class='ocrx_word' id='word_1_102' title='bbox 403 2705 543 2764; x_wconf 85' lang='grc' dir='ltr'>κτυποῖεν</span> <span class='ocrx_word' id='word_1_103' title='bbox 566 2702 599 2762; x_wconf 81' lang='grc' dir='ltr'>ἐν</span> <span class='ocrx_word' id='word_1_104' title='bbox 620 2700 823 2784; x_wconf 80' lang='grc' dir='ltr'>βαρυγδούπῳ</span> <span class='ocrx_word' id='word_1_105' title='bbox 847 2695 954 2781; x_wconf 70' lang='grc' dir='ltr'>φθορᾷ.</span> 
     </span>
     <span class='ocr_line' id='line_1_23' title="bbox 323 2801 947 2885; baseline -0.002 -21"><span class='ocrx_word' id='word_1_106' title='bbox 323 2808 450 2866; x_wconf 83' lang='grc' dir='ltr'>τοσοῦτο</span> <span class='ocrx_word' id='word_1_107' title='bbox 472 2806 528 2882; x_wconf 74' lang='grc' dir='ltr'>μὲν</span> <span class='ocrx_word' id='word_1_108' title='bbox 549 2811 659 2885; x_wconf 80' lang='grc' dir='ltr'>βοῶσι,</span> <span class='ocrx_word' id='word_1_109' title='bbox 681 2801 731 2867; x_wconf 80' lang='grc' dir='ltr'>διὰ</span> <span class='ocrx_word' id='word_1_110' title='bbox 752 2802 833 2881; x_wconf 77' lang='grc' dir='ltr'>βοὴν</span> <span class='ocrx_word' id='word_1_111' title='bbox 855 2801 880 2866; x_wconf 87' lang='grc' dir='ltr'>δ’</span> <span class='ocrx_word' id='word_1_112' title='bbox 904 2803 947 2866; x_wconf 86' lang='grc' dir='ltr'>ἔτι</span> 
     </span>
     <span class='ocr_line' id='line_1_24' title="bbox 321 2903 979 2988; baseline 0.002 -22"><span class='ocrx_word' id='word_1_113' title='bbox 321 2903 416 2983; x_wconf 87' lang='grc' dir='ltr'>μέσην</span> <span class='ocrx_word' id='word_1_114' title='bbox 437 2933 470 2971; x_wconf 93' lang='grc' dir='ltr'>τε</span> <span class='ocrx_word' id='word_1_115' title='bbox 495 2903 542 2969; x_wconf 82' lang='grc' dir='ltr'>καὶ</span> <span class='ocrx_word' id='word_1_116' title='bbox 564 2905 722 2988; x_wconf 81' lang='grc' dir='ltr'>λήγουσαν</span> <span class='ocrx_word' id='word_1_117' title='bbox 744 2907 788 2972; x_wconf 82' lang='grc' dir='ltr'>εἵς</span> <span class='ocrx_word' id='word_1_118' title='bbox 809 2931 855 2972; x_wconf 91' lang='grc' dir='ltr'>τις</span> <span class='ocrx_word' id='word_1_119' title='bbox 878 2907 979 2988; x_wconf 89' lang='grc' dir='ltr'>ὄρθιον</span> 
     </span>
     <span class='ocr_line' id='line_1_25' title="bbox 323 3007 974 3092; baseline 0.002 -21"><span class='ocrx_word' id='word_1_120' title='bbox 323 3007 420 3090; x_wconf 77' lang='grc' dir='ltr'>ἔρρηξ’</span> <span class='ocrx_word' id='word_1_121' title='bbox 441 3009 514 3090; x_wconf 72' lang='grc' dir='ltr'>ἀνὴρ</span> <span class='ocrx_word' id='word_1_122' title='bbox 538 3011 664 3091; x_wconf 77' lang='grc' dir='ltr'>φώνημα</span> <span class='ocrx_word' id='word_1_123' title='bbox 687 3009 859 3092; x_wconf 91' lang='grc' dir='ltr'>σάλπιγγος</span> <span class='ocrx_word' id='word_1_124' title='bbox 882 3008 974 3086; x_wconf 82' lang='grc' dir='ltr'>δίκην·</span> 
     </span>
     <span class='ocr_line' id='line_1_26' title="bbox 323 3109 995 3195; baseline -0.003 -21"><span class='ocrx_word' id='word_1_125' title='bbox 323 3112 369 3187; x_wconf 77' lang='grc' dir='ltr'>ἴτ’,</span> <span class='ocrx_word' id='word_1_126' title='bbox 393 3111 565 3192; x_wconf 83' lang='grc' dir='ltr'>έκπεράνατ’</span> <span class='ocrx_word' id='word_1_127' title='bbox 590 3113 687 3194; x_wconf 82' lang='grc' dir='ltr'>ἔργον·</span> <span class='ocrx_word' id='word_1_128' title='bbox 719 3113 774 3195; x_wconf 79' lang='grc' dir='ltr'>οὐχ</span> <span class='ocrx_word' id='word_1_129' title='bbox 797 3113 883 3192; x_wconf 79' lang='grc' dir='ltr'>ἕδρας</span> <span class='ocrx_word' id='word_1_130' title='bbox 908 3109 995 3190; x_wconf 81' lang='grc' dir='ltr'>ἀκμή·</span> 
     </span>
     <span class='ocr_line' id='line_1_27' title="bbox 323 3213 919 3298; baseline 0 -21"><span class='ocrx_word' id='word_1_131' title='bbox 323 3215 368 3292; x_wconf 82' lang='grc' dir='ltr'>ἴτ’,</span> <span class='ocrx_word' id='word_1_132' title='bbox 391 3217 501 3298; x_wconf 78' lang='grc' dir='ltr'>ἐχθράν</span> <span class='ocrx_word' id='word_1_133' title='bbox 524 3213 652 3295; x_wconf 81' lang='grc' dir='ltr'>ἐξαμᾶτε</span> <span class='ocrx_word' id='word_1_134' title='bbox 675 3216 835 3297; x_wconf 78' lang='grc' dir='ltr'>πρόρριζον</span> <span class='ocrx_word' id='word_1_135' title='bbox 857 3215 919 3296; x_wconf 86' lang='grc' dir='ltr'>δορὶ</span> 
     </span>
     <span class='ocr_line' id='line_1_28' title="bbox 323 3317 980 3400; baseline 0.005 -19"><span class='ocrx_word' id='word_1_136' title='bbox 323 3319 506 3399; x_wconf 91' lang='grc' dir='ltr'>μνησθέντες</span> <span class='ocrx_word' id='word_1_137' title='bbox 530 3320 594 3383; x_wconf 80' lang='grc' dir='ltr'>οἶον</span> <span class='ocrx_word' id='word_1_138' title='bbox 617 3317 653 3397; x_wconf 75' lang='grc' dir='ltr'>ἐξ</span> <span class='ocrx_word' id='word_1_139' title='bbox 674 3321 738 3382; x_wconf 80' lang='grc' dir='ltr'>οἵου</span> <span class='ocrx_word' id='word_1_140' title='bbox 761 3323 871 3400; x_wconf 80' lang='grc' dir='ltr'>πατρὸς</span> <span class='ocrx_word' id='word_1_141' title='bbox 892 3317 980 3400; x_wconf 84' lang='grc' dir='ltr'>γένος</span> 
     </span>
     <span class='ocr_line' id='line_1_29' title="bbox 323 3421 997 3504; baseline -0.004 -17"><span class='ocrx_word' id='word_1_142' title='bbox 323 3421 481 3503; x_wconf 86' lang='grc' dir='ltr'>πεφύκατ’,</span> <span class='ocrx_word' id='word_1_143' title='bbox 504 3423 538 3486; x_wconf 82' lang='grc' dir='ltr'>οὐ</span> <span class='ocrx_word' id='word_1_144' title='bbox 561 3429 705 3504; x_wconf 86' lang='grc' dir='ltr'>χερσαῖον</span> <span class='ocrx_word' id='word_1_145' title='bbox 728 3425 759 3486; x_wconf 87' lang='grc' dir='ltr'>έκ</span> <span class='ocrx_word' id='word_1_146' title='bbox 782 3421 997 3504; x_wconf 82' lang='grc' dir='ltr'>τειχισμάτων,</span> 
     </span>
     <span class='ocr_line' id='line_1_30' title="bbox 324 3524 978 3608; baseline 0.003 -19"><span class='ocrx_word' id='word_1_147' title='bbox 324 3525 393 3590; x_wconf 85' lang='grc' dir='ltr'>ἀλλ’</span> <span class='ocrx_word' id='word_1_148' title='bbox 416 3525 535 3608; x_wconf 68' lang='grc' dir='ltr'>εὐγενὲς</span> <span class='ocrx_word' id='word_1_149' title='bbox 558 3524 726 3605; x_wconf 88' lang='grc' dir='ltr'>βλάστημα</span> <span class='ocrx_word' id='word_1_150' title='bbox 748 3525 870 3592; x_wconf 81' lang='grc' dir='ltr'>ποντίας</span> <span class='ocrx_word' id='word_1_151' title='bbox 894 3525 978 3591; x_wconf 81' lang='grc' dir='ltr'>ἁλός·</span> 
     </span>
     <span class='ocr_line' id='line_1_31' title="bbox 324 3627 1023 3711; baseline -0.003 -19"><span class='ocrx_word' id='word_1_152' title='bbox 324 3631 423 3694; x_wconf 82' lang='grc' dir='ltr'>κλάων</span> <span class='ocrx_word' id='word_1_153' title='bbox 446 3632 478 3692; x_wconf 75' lang='grc' dir='ltr'>δὲ</span> <span class='ocrx_word' id='word_1_154' title='bbox 502 3633 560 3696; x_wconf 80' lang='grc' dir='ltr'>πᾶς</span> <span class='ocrx_word' id='word_1_155' title='bbox 583 3654 628 3696; x_wconf 88' lang='grc' dir='ltr'>τις</span> <span class='ocrx_word' id='word_1_156' title='bbox 651 3630 772 3711; x_wconf 84' lang='grc' dir='ltr'>θουρίαν</span> <span class='ocrx_word' id='word_1_157' title='bbox 795 3630 920 3706; x_wconf 79' lang='grc' dir='ltr'>τάνδρὸς</span> <span class='ocrx_word' id='word_1_158' title='bbox 943 3627 1023 3708; x_wconf 79' lang='grc' dir='ltr'>βοὴν</span> 
     </span>
     <span class='ocr_line' id='line_1_32' title="bbox 323 3730 947 3818; baseline -0.003 -22"><span class='ocrx_word' id='word_1_159' title='bbox 323 3735 465 3814; x_wconf 81' lang='grc' dir='ltr'>ἔφρισσε,</span> <span class='ocrx_word' id='word_1_160' title='bbox 485 3738 598 3798; x_wconf 84' lang='grc' dir='ltr'>λεπτὸν</span> <span class='ocrx_word' id='word_1_161' title='bbox 620 3730 714 3814; x_wconf 81' lang='grc' dir='ltr'>αἰθέρ’</span> <span class='ocrx_word' id='word_1_162' title='bbox 737 3733 777 3799; x_wconf 86' lang='grc' dir='ltr'>ὡς</span> <span class='ocrx_word' id='word_1_163' title='bbox 798 3733 868 3818; x_wconf 87' lang='grc' dir='ltr'>ἠχεῖ</span> <span class='ocrx_word' id='word_1_164' title='bbox 889 3736 947 3809; x_wconf 87' lang='grc' dir='ltr'>δία,</span> 
     </span>
    </p>
   </div>
   <div class='ocr_carea' id='block_1_5' title="bbox 0 0 1506 4520">
    <p class='ocr_par' dir='ltr' id='par_1_9' title="bbox 0 0 1506 4520">
     <span class='ocr_line' id='line_1_33' title="bbox 0 0 1506 4520; baseline 0 2"><span class='ocrx_word' id='word_1_165' title='bbox 0 0 1506 4520; x_wconf 95' lang='lat' dir='ltr'> </span> 
     </span>
    </p>
   </div>
  </div>
 </body>
</html>
