3052 4496
625 387 839 438 OXONIENSIS

696 619 750 661 CIX

270 714 297 774 0
318 713 393 773 socii
415 713 485 790 cari,
511 735 583 776 eum
602 715 723 776 venerit
742 717 820 777 hore
839 736 991 794 suprema,

310 845 352 905 sit
372 847 498 908 salicem
518 848 554 908 in
574 849 697 909 tumulo
717 869 831 925 ponere
853 869 927 910 eure
947 869 1035 910 meo:

270 977 356 1038 frene
377 979 541 1040 lacrimose
559 981 668 1059 placet,
692 981 792 1058 pallor
811 981 1011 1042 dulcissimus
1030 981 1085 1040 ille
1105 985 1172 1042 est:

310 1115 451 1190 proteget
470 1115 503 1172 et
523 1113 626 1173 somni
647 1133 711 1173 non
732 1113 835 1192 gravis
856 1114 969 1174 umbra
988 1113 1100 1175 locum.

1127 1227 1156 1261 Η.
1169 1226 1193 1262 Β.

703 1656 743 1697 ΟΧ

269 1752 333 1812 Ver
353 1753 434 1813 mihi
454 1755 610 1832 fingebam
630 1754 750 1814 somnis
771 1754 837 1814 sine
859 1753 921 1813 fine
941 1752 1076 1826 morari3

310 1855 440 1914 naturae
459 1857 579 1914 veteres
600 1852 683 1913 nolle
704 1853 805 1913 redire
825 1852 916 1913 vices.

269 1949 360 2027 nigra
378 1951 544 2013 videbatur
563 1952 651 2012 fumo
672 1951 732 2028 via,
756 1950 846 2027 nigre
865 1951 1005 2027 pruinisz

311 2051 383 2109 ante
404 2050 481 2111 foris
503 2051 637 2127 populus
657 2051 753 2111 verba
774 2050 874 2110 aliena
895 2049 989 2126 loqui.

269 2147 336 2222 ipse
357 2149 467 2210 domes
490 2149 659 2210 hominum
683 2149 774 2226 longe
795 2149 1023 2225 strepitumque
1044 2146 1225 2222 relinquens

309 2247 397 2307 visus
417 2247 452 2307 in
471 2249 657 2309 umbrosum
678 2248 819 2308 sentibus
840 2249 886 2307 ire
906 2266 1032 2320 nemus;

269 2346 409 2406 sentibus
429 2346 568 2424 indignis
588 2346 758 2406 maerentis
777 2349 919 2423 tempera
940 2345 1064 2422 cingor:

308 2445 408 2522 qualis
429 2446 469 2506 ob
487 2445 677 2506 ineolumem
697 2466 815 2522 querna
835 2465 949 2506 corona
968 2444 1082 2504 virum.

268 2541 340 2602 inde
360 2545 570 2604 revertentem
590 2562 682 2604 saeve
702 2564 753 2603 me
773 2565 848 2604 voce
869 2544 1025 2604 laeessunt

309 2643 341 2702 et
361 2641 451 2719 pueri
469 2646 502 2703 et
522 2642 607 2702 oanis
628 2642 698 2701 alba
717 2645 840 2702 senecta
860 2641 965 2702 comis.

267 2760 324 2816 per
343 2740 411 2800 fora
429 2761 545 2818 perque
564 2740 633 2801 vias
653 2739 788 2800 trivialis
806 2741 902 2801 verba
922 2740 1072 2800 canebant

312 2841 386 2900 ‘eni
413 2840 470 2900 ubi
489 2842 573 2900 serta
593 2859 702 2916 gerens
723 2839 839 2916 spinea,
863 2838 980 2899 mentis
1000 2837 1112 2914 inops'

268 2937 385 2997 mentis
405 2937 505 3014 inops,
529 2937 675 3014 omnique
694 2957 790 2998 vocor
810 2937 960 3013 puerilior
979 2956 1062 2997 aevo.

309 3036 380 3095 tum
399 3035 506 3096 visum
525 3037 649 3095 nostrae
670 3055 790 3095 numen
809 3035 914 3095 edesse
934 3034 1012 3095 viae.

267 3132 335 3193 lene
356 3133 549 3193 susurrantis
568 3133 727 3193 fulserunt
747 3153 801 3193 ora
822 3152 878 3209 per
898 3131 1044 3192 umbras:

308 3231 475 3308 arrisitque
495 3250 603 3291 meum
624 3231 755 3291 comiter
775 3231 829 3290 ille
850 3231 953 3291 decus.

262 3329 395 3408 porrigit
414 3330 513 3390 effuso
533 3329 707 3390 radiantem
726 3329 847 3389 lumine
868 3329 1016 3404 dextram,

305 3428 343 3488 fit
363 3428 460 3488 simul
480 3427 622 3505 adposita
641 3428 730 3487 frons
749 3427 890 3488 rediviva
910 3447 1023 3488 manu:

265 3525 337 3586 inde
357 3527 451 3586 refert
471 3546 536 3586 non
556 3526 609 3586 ille
630 3525 739 3586 dolens
758 3525 911 3587 similisve
931 3526 1049 3587 dolent'

304 3625 443 3685 earmina
462 3625 640 3702 pectoribus
659 3624 713 3684 vix
734 3624 881 3701 capienda
900 3625 986 3686 meis

1079 3736 1104 3770 n.
1116 3735 1148 3769 W.
1161 3733 1185 3768 R.

305 3898 348 3956 n*
