3004 4520
609 341 823 388 OXONIENSIS

678 617 750 658 CLXI

299 715 377 773 Atra
397 732 499 773 mersa
520 713 569 774 die
590 733 647 773 neo
667 712 731 772 iam
753 713 898 774 salientia
918 713 984 774 vita

338 809 430 900 corda
450 811 625 871 Sabrinaeis
645 811 776 872 tradidit
796 812 878 872 Ister
898 811 995 888 aquis.

296 911 413 988 aooepit
433 931 509 970 mox
527 914 630 986 terra;
652 911 730 972 iacet
750 931 846 988 prope
866 911 943 972 litus
964 932 1132 973 amoenum

339 1009 390 1068 oui
410 1030 468 1069 neo
488 1009 639 1070 inauditis
660 1010 811 1087 obstrepit
833 1011 918 1070 unda
937 1011 1034 1071 fretis.

298 1108 347 1166 bie
366 1109 509 1169 revoluta
529 1109 580 1169 die
601 1109 732 1169 Sabrina
751 1109 797 1169 ibi
817 1109 936 1186 colligit
956 1112 1067 1185 aestus,

338 1207 405 1284 ripa
426 1207 475 1268 bis
496 1209 618 1268 Oceano
639 1211 857 1284 praetereunte
878 1209 994 1284 madet,

298 1306 345 1364 bis
366 1307 491 1382 penitus
511 1307 670 1383 oomplent
689 1307 795 1366 infusa
815 1307 941 1367 silentia
961 1308 1057 1369 001100

336 1405 461 1481 garrula
481 1404 558 1465 dum
578 1405 678 1464 media
699 1405 823 1465 sistitur
842 1405 912 1465 Isca
931 1406 994 1470 via.

295 1503 363 1560 Isoa
383 1501 464 1577 silet,
489 1505 578 1562 muto
598 1522 655 1561 1100
676 1502 739 1561 iam
761 1522 795 1562 se
814 1506 978 1578 promovet
998 1522 1101 1580 amne,

334 1622 396 1661 vox
416 1605 449 1661 et
468 1601 639 1661 inundanti
659 1604 764 1661 nostra
785 1602 890 1661 dolore
910 1604 999 1676 taoet,

296 1700 416 1760 effundi
436 1699 562 1776 quando
583 1699 720 1759 lacrimis
741 1699 923 1759 nolentibus
944 1721 1071 1762 omnem

337 1799 448 1858 obruta
468 1797 631 1857 tristitiam
651 1817 795 1874 promere
816 1798 906 1857 Musa
926 1802 1028 1874 negat

296 1917 369 1956 mox
390 1896 568 1956 referuntur
586 1915 692 1972 aquae,
716 1898 787 1955 tum
807 1895 914 1971 pronis
935 1895 1005 1955 Isoa
1025 1897 1152 1956 fluentis

337 1991 488 2050 silvarum
509 1990 602 2050 solito
623 2009 784 2049 murmure
804 1988 938 2049 claustra
957 1991 1073 2068 replet:

295 2090 387 2149 altior
405 2089 480 2149 inde
499 2088 581 2147 mihi
600 2091 698 2148 oessat
719 2088 807 2149 dolor
828 2092 931 2149 aestus
952 2092 988 2149 ut
1008 2090 1102 2166 amni,

336 2191 410 2248 sunt
432 2207 554 2264 quoquo
570 2188 624 2247 sed
646 2207 724 2264 quae
740 2187 794 2247 vix
809 2187 936 2248 reddere
951 2187 1046 2248 verba
1067 2208 1189 2265 queam.

1068 2317 1091 2351 Τ.
1106 2317 1134 2351 n.
1146 2318 1180 2351 W.

668 2477 755 2518 CLXII

294 2577 382 2634 Auro
403 2574 487 2651 piata
506 2573 620 2633 rubent
639 2574 798 2633 Autumni
818 2574 946 2634 nubila:
974 2573 1081 2652 fulget,

334 2674 362 2733 si
383 2672 454 2750 quis
474 2672 576 2732 adhue
596 2672 695 2733 vitrea
714 2672 831 2732 labitur
851 2671 955 2732 amnis
974 2692 1061 2749 aqua

295 2772 349 2832 illa
369 2775 477 2831 tamen
498 2771 638 2832 condunt
659 2771 810 2830 nebuloso
830 2771 950 2831 lumino
971 2771 1079 2844 solem,

334 2869 450 2930 imbuit
469 2870 529 2929 hos
549 2869 675 2946 proprio
695 2869 809 2947 frigore
830 2869 931 2928 tristis
950 2869 1061 2929 hieme.

294 2988 358 3028 non
378 2969 485 3028 avium
505 2968 589 3028 dulei
609 2971 757 3028 resonant
776 2967 989 3028 modulamine
1010 2968 1115 3038 silvae,

334 3087 397 3127 non
418 3067 529 3127 avibus
547 3067 681 3126 latebrae
702 3066 815 3126 sufficit
835 3066 947 3125 umbra
967 3085 1059 3127 suas:

294 3165 424 3241 aspicias
444 3167 569 3227 tantum
589 3164 709 3224 frondis
728 3164 860 3224 volitare
882 3165 1019 3240 caducas,

334 3263 468 3323 audieris
488 3263 593 3323 flentis
612 3262 660 3321 nil
680 3262 743 3321 nisi
763 3262 861 3322 flabra
882 3262 965 3334 Noti.

294 3382 358 3420 non
379 3361 491 3421 umbra
511 3359 623 3420 aestivi
643 3360 790 3435 nemoris,
815 3360 869 3420 sed
891 3359 998 3420 nubila
1018 3361 1131 3421 vallem

331 3460 463 3536 desuper
477 3458 651 3533 hibernam,
675 3458 798 3518 tristior
818 3458 938 3533 umbra,
962 3463 1128 3535 premunt:

293 3559 457 3619 1111100οο11
474 3559 563 3619 velut
582 3557 716 3616 herboso
736 3557 794 3616 flos
815 3556 946 3634 quisque
966 3557 1117 3633 sepulcro,

333 3677 400 3718 1010
422 3677 516 3734 super
535 3655 636 3716 tristis
656 3655 864 3716 illacrimante
885 3674 984 3732 rogos.

1112 3767 1134 3801 Τ.
1149 3767 1170 3802 1..
1186 3767 1208 3800 P.
