3052 4496
624 390 840 440 OXONIENSIS

703 974 766 1018 XCV

364 1072 453 1150 Κείνη
476 1073 507 1136 δὲ
530 1077 684 1153 τρομεροῖς
709 1070 815 1151 ὄμματ’
839 1073 973 1154 ὄμμασιν
995 1071 1064 1134 τότε

360 1176 521 1255 βλέπουσα
543 1175 676 1255 τάνδρός,
698 1177 795 1258 πρᾷον
818 1175 857 1241 ὡς
880 1171 1002 1256 παρόνθ’
1025 1174 1090 1258 ὁρᾷ,

360 1277 527 1360 ὑπέφαινεν
547 1277 603 1358 ἤδη
627 1276 740 1360 θάρσος
763 1281 795 1342 ἐκ
819 1281 922 1361 φόβου
943 1277 1045 1354 πάλιν,

360 1385 447 1469 φωνῇ
471 1381 496 1446 δ’
521 1382 612 1466 ἀραιᾷ
632 1381 736 1464 ῥήματ’
761 1381 868 1467 έξαυδᾷ
893 1383 973 1446 τάδε·

406 1489 432 1550 εῖ
455 1483 490 1564 δή
513 1511 560 1564 συ,
583 1484 700 1561 θάνατε,
723 1489 759 1573 τῇ
781 1491 859 1550 θεῶν
880 1488 983 1570 πομπῇ
1006 1483 1095 1567 πάρει

362 1591 394 1653 έκ
417 1591 471 1667 τῆς
493 1587 654 1669 θαλάσσης
678 1591 756 1669 τᾶμδ
779 1590 981 1654 καταπαύσων
1003 1585 1087 1661 κακά,

362 1692 495 1773 δθούνεχ’
520 1692 602 1771 ἥκεις
624 1698 799 1770 τηλικοῦτος
822 1691 864 1756 ι’δν
888 1695 971 1768 ἰδεῖν,

362 1794 493 1882 έπῄνεσ’,
515 1793 534 1874 ἣ
556 1799 712 1876 ταρβοῦσα
734 1800 855 1874 μᾶλλον
876 1796 974 1882 ᾠόμην

362 1902 460 1962 δεινοῦ
483 1922 511 1962 τι
534 1896 700 1962 δυσθέατον
723 1902 847 1979 ἑρπετοῦ
871 1899 980 1979 στύγος

362 2002 533 2082 ἐφερπύσαι
554 1999 585 2078 μ’
607 1999 656 2077 ἅν,
678 1998 696 2080 ἢ
719 2002 890 2084 παρακτίων
914 2003 973 2065 ιἰπδ

361 2105 495 2186 ψάμμαν
519 2104 656 2180 ἀνελθόν,
679 2102 698 2183 ἢ
721 2105 747 2169 ’κ
771 2114 889 2186 πετρῶν
913 2110 1088 2185 κατηρεφῶν

362 2209 489 2289 σπείρας
513 2211 655 2286 καθεῖναι,
679 2205 727 2272 καὶ
750 2211 850 2287 βάδην
872 2208 1029 2291 εἱλιγμένα

361 2313 499 2376 αὐτοῖσιν
522 2311 625 2378 ὀστοῖς
648 2311 744 2393 ἄρθρα
766 2317 930 2394 συντρῖψαι
953 2311 1032 2376 τάδε.

364 2414 403 2478 σὺ
425 2414 451 2477 δ’
474 2414 527 2478 οῦν
550 2414 711 2495 πρόσελθε,
735 2414 863 2499 καὶγὰρ
886 2415 1030 2497 εὐτρεπὴς
1052 2415 1110 2496 έγῖο

362 2517 468 2600 ψυχὴν
488 2520 633 2598 μεθεῖναι,
655 2519 723 2600 μηδ’
745 2518 786 2584 ἔτ’
810 2522 932 2600 εἰσορᾶν
955 2518 1044 2599 φάος.

364 2621 492 2704 καὶμὴν
515 2623 639 2703 πρέπεις
662 2621 720 2705 γάρ
743 2628 871 2704 φαιδρὸς
895 2622 934 2688 ὧς
957 2622 1006 2686 ἀπ’
1031 2622 1170 2702 ὀμμάτων

362 2729 433 2790 θεδν
456 2723 609 2804 κικλήσκω
632 2725 671 2801 σ’,
695 2725 818 2805 εὐμενὴς
840 2723 866 2788 δ’
888 2727 957 2804 ἡμῖν
978 2728 1077 2807 γενοῦ.

362 2828 407 2910 ἆρ’
429 2828 482 2891 οῦν
501 2833 598 2911 μυχοῦ
620 2827 738 2910 τύχοιμ’
759 2827 796 2893 δν
820 2830 947 2892 έκτόπου
969 2829 1059 2902 τινός,

362 2933 437 2996 ὅπου
458 2937 494 2995 τὸ
516 2932 624 2995 λοιπὸν
648 2934 845 3013 οἰοβουκόλος
866 2933 939 3013 βίον

358 3034 461 3118 άγοιμι
483 3035 585 3115 μηδέν’
608 3037 753 3116 άμριοῦσα
776 3037 924 3115 δαιμόνων
936 3059 947 3108 ,·

362 3137 380 3216 ἢ
403 3139 452 3202 καὶ
474 3136 539 3202 θεοὶ
559 3141 719 3222 χαίρουσιν
742 3140 773 3202 έν
795 3144 915 3219 βροτῶν
938 3143 1045 3212 κακοῖς,

361 3246 463 3324 γελῶν
484 3245 516 3305 δὲ
538 3240 585 3305 καὶ
610 3242 648 3306 σὺ
671 3244 706 3326 τῇ
731 3241 896 3328 θανουμένη
919 3240 1029 3324 πάρει;

1107 3360 1119 3394 J
1122 3380 1127 3394 ι
1140 3359 1167 3393 Y.
1179 3358 1199 3391 S·
