3010 4494
598 353 813 403 OXONIENSIS

690 701 726 741 lx

338 812 492 895 Πόρεστιν
513 813 573 892 οῦν,
593 813 720 894 πάρεστι
742 819 816 894 πρὸς
839 813 873 877 τὸ
896 818 961 894 φῶς
981 812 1120 894 βλέπειν,

336 915 392 996 ἤδη
414 919 541 1000 βαρείας
565 918 660 984 αἰτίας
682 916 839 1003 ἐλευθέρῳ.

338 1018 404 1099 ἐμοὶ
426 1023 459 1085 δὲ
482 1023 526 1088 τίς
549 1019 659 1103 γένοιτ’
677 1020 714 1084 ἂν
737 1023 772 1100 ἐξ
793 1022 891 1106 είιχῶν
911 1020 1023 1095 λόσις,·

338 1125 382 1190 τίς
403 1125 490 1191 ἐλπίς
502 1150 513 1199 ‚·
545 1125 603 1208 ἆρα
626 1127 674 1188 καὶ
696 1126 911 1203 παραιτεῖσθαί
928 1150 966 1203 με
988 1124 1046 1205 χρὴ

338 1227 454 1295 κάσεως
477 1231 573 1310 ἐρινῦς
585 1254 597 1302 ,·
627 1232 720 1294 ταῦτα
741 1225 768 1291 δ’
790 1229 842 1292 οὐκ
866 1226 969 1306 ἔξεστί
989 1253 1042 1308 μοι

338 1332 468 1412 θρόνους,
492 1337 625 1415 γυναῖκα,
648 1331 745 1396 πάντα
768 1329 793 1396 δ’
815 1334 857 1396 ῶν
880 1332 1008 1413 ἐφιέμην

337 1435 450 1517 ἔχοντι·
472 1442 535 1503 πῶς
557 1439 615 1517 γὰρ
638 1436 705 1500 ἔστι
730 1436 908 1519 συγγνώμης
929 1441 1041 1517 τυχεῖν,

339 1541 365 1602 εί
389 1539 475 1604 πάντ’
498 1540 563 1622 ἔχει
584 1564 639 1617 τις,
663 1542 761 1620 ὧνπερ
783 1539 900 1619 ἠδίκησ’
923 1541 1022 1621 έρῶν;

339 1640 458 1707 σκολιοὶ
479 1642 536 1723 μέν
558 1645 619 1708 εἰσι
641 1642 757 1707 κᾶδικοι
779 1649 897 1724 βροτῶν
919 1644 1034 1722 τρόποι,

339 1747 459 1811 πάντων
481 1745 506 1810 δ’
529 1746 666 1828 ἐναλλὰξ
686 1745 734 1811 καὶ
757 1746 854 1826 μάτην
877 1747 1080 1830 φορουμένων,

339 1851 437 1928 νόμων
460 1856 562 1931 κρατεῖ
583 1852 621 1914 τὰ
641 1850 780 1933 χρήμαθ’,
803 1852 882 1916 ὥστε
903 1850 1052 1916 πολλάκις

341 1957 490 2036 κρείσσων
512 1960 653 2018 δικαστοῦ
676 1956 799 2037 χρυσός,
822 1957 956 2036 ἁρπαγῆς
979 1956 1077 2037 μέρος.

341 2063 462 2121 τοιαῦτα
484 2058 509 2122 δ’
532 2059 584 2121 οὐκ
607 2056 725 2136 ἔξεστιν
747 2061 780 2122 έν
804 2063 881 2122 θεῶν
904 2059 1010 2137 κρίσει·

340 2161 401 2226 ἔνθ’
423 2163 491 2226 οὔτε
513 2162 630 2242 τρίβειν
653 2160 714 2225 οὔτ’
735 2162 933 2243 ἀπαρνεῖσθαι
956 2157 1045 2240 πόρα,

340 2265 417 2345 ἡμᾶς
440 2268 472 2329 δὲ
496 2271 639 2347 λαμπρῶς
661 2263 761 2329 πάντα
781 2269 940 2346 μαρτυρεῖν
961 2264 1059 2346 χρεόν

341 2368 444 2435 αὐτοὺς
468 2368 532 2432 καθ’
555 2370 664 2447 αὑτῶν,
686 2369 740 2432 κάν
763 2395 808 2435 τις
830 2369 998 2451 αἰσχίστων
1021 2368 1114 2453 ὄφλῃ,

341 2473 489 2552 παρόντας
511 2473 543 2536 έν
565 2478 705 2553 παροῦσι.
736 2477 823 2538 ποῖος
845 2472 896 2536 οῦν
916 2471 1001 2550 μένει

341 2577 449 2656 τρόπος
461 2601 473 2651 ‚·
504 2573 605 2639 σθένει
627 2575 771 2656 μέγιστον
793 2578 825 2638 ε’ν
848 2575 929 2654 δίκης
950 2576 1028 2662 ῥοπῇ

342 2677 374 2745 δς
397 2678 569 2758 ἐξαμαρτὼν
592 2678 657 2742 εἶτα
677 2676 805 2757 βέλτιον
827 2685 940 2760 φρονεῖ.

340 2780 409 2846 ἀλλ’
432 2784 498 2846 οὐδὲ
521 2784 575 2845 κάκ
599 2781 683 2846 τῶνδ’
706 2783 773 2844 ἐστί
792 2807 837 2848 τις
859 2783 993 2864 σωτηρία

340 2891 402 2953 τοῖς
423 2886 465 2966 μὴ
488 2890 663 2967 φρονοῦσιν.
707 2882 730 2948 ῶ
755 2884 823 2966 κέαρ
847 2887 1056 2967 κελαίνοφρον,

341 2987 363 3054 ῶ
387 2991 468 3070 θυμέ,
491 2987 565 3069 θύμ’,
588 2987 619 3055 δς
642 2989 782 3053 ἐκπεσεῖν
804 2995 909 3071 ταγῶν
933 2989 1030 3054 θέλων

341 3087 579 3175 πεπλεγμένοισι
599 3095 721 3170 μᾶλλον
743 3093 901 3174 ἀσπαίρεις
924 3098 1053 3175 πτεροῖς.

341 3193 365 3258 ῶ
387 3201 501 3277 δαῖμον,
522 3195 604 3259 ἀλλὰ
627 3201 679 3259 νῦν
700 3221 736 3276 γε
759 3194 945 3277 συλλήπτωρ
967 3201 1066 3279 γενοῦ,

343 3299 380 3363 σὺ
403 3298 436 3377 δ’,
458 3297 481 3362 ῶ
504 3304 680 3381 ταλαῖφρον,
704 3299 826 3382 κάμψον
849 3299 975 3366 αὔθαδες
997 3298 1079 3382 γόνυ,

343 3398 552 3482 σιδηρόνευρου
575 3403 699 3483 καρδίαν
721 3403 770 3464 οία
791 3399 928 3484 βρέφους
1043 3413 1046 3418 ’

342 3502 409 3568 νέον
429 3502 608 3586 μαλάσσων·
638 3503 737 3568 πάντα
759 3504 785 3568 δ’
807 3504 846 3572 δν
868 3511 968 3571 καλῶς
990 3505 1066 3589 ἔχοι.

1116 3639 1139 3672 Β.
1151 3639 1177 3672 Δ.
