3052 4496
652 316 866 366 OXONIENSIS
1199 325 1254 369 111

302 518 336 581 εὖ
358 519 384 582 δ’
407 517 444 584 ἀν
467 518 638 604 ἓπφκτειρές
659 519 700 600 μ’,
724 523 783 586 ὅσα
806 521 895 601 κήδεα
918 528 984 604 κῆρι
1008 526 1154 604 πεπόνθη,

346 671 402 739 κάν
424 673 543 756 ἐγέλας·
575 673 682 741 οὔκουν
704 673 832 760 ἀνδράσι
854 682 936 744 τοῖος
959 679 1042 760 ἔρως.

301 825 320 907 ἦ
343 826 380 891 δι’
402 829 455 907 ἐμὲ
477 830 580 910 φθίνει
601 828 656 908 ἥδ’,
678 830 756 910 ὥρας
778 854 811 894 τε
831 833 1007 910 μαραίνεται
1030 832 1145 907 ἀνθος,·

342 980 434 1045 τοιάδ’
456 981 501 1063 ἀρ’
524 979 561 1061 ἢν
583 983 706 1071 ψαύσῃς
726 984 771 1048 ῒσ’
792 985 954 1051 ἀπόλωλεν
977 987 1073 1073 ἀφρῷ.

301 1135 438 1216 φίλτατε,
462 1135 558 1214 τλητά
578 1135 660 1202 τέως·
692 1136 730 1202 σὺ
753 1141 785 1202 δὲ
807 1136 929 1220 πρᾶσσ’,
953 1140 1112 1222 εὐφραίνεο
1135 1144 1222 1227 θυμῷ·

343 1293 458 1371 φροῦδα
479 1291 517 1352 τά
537 1288 636 1353 πίσθ’·
666 1291 732 1355 οἷόν
752 1291 783 1372 μ’
806 1293 889 1357 εἶλεν
911 1293 1044 1376 ἀμηχανί
1063 1313 1072 1330 ·

299 1443 403 1522 βώλου
427 1444 636 1527 ἀτεγκτότερσς
658 1446 784 1528 γέγονας
808 1445 888 1528 κέαρ,
912 1448 945 1514 ὅς
966 1445 997 1527 μ’
1019 1449 1183 1529 ἐφίλησας·

341 1598 420 1662 τίπτ’
443 1601 633 1687 ἀπατηθείσῃ
655 1602 815 1678 λείπεται,·
847 1603 904 1685 ἆρα
927 1605 1018 1679 θεός,·

1152 1723 1178 1758 Δ.
1197 1725 1217 1758 Β.

716 2456 771 2498 LXI

292 2561 319 2621 Ο
339 2561 479 2621 moribus
499 2561 641 2637 iucunde,
664 2561 753 2621 mitis
772 2561 904 2637 adfectu,

291 2662 421 2722 candore
440 2681 573 2738 puerum
595 2662 650 2738 qui
669 2661 772 2737 refers,
796 2661 882 2722 viros
901 2663 1015 2735 mente,

290 2760 345 2819 tuo
365 2759 471 2835 lepore
490 2761 666 2837 temperans
686 2761 800 2838 probas
819 2759 891 2835 irae,

291 2858 427 2917 saeclum
447 2858 553 2919 iuvere
573 2861 666 2918 nnius
686 2860 718 2918 et
739 2879 841 2918 secare
862 2859 946 2916 idem
957 2879 965 2931 3

290 2954 321 3010 te
342 2972 407 3012 non
426 2955 545 3030 egestas
567 2954 728 3013 subdicum
749 2954 825 3013 tulit
846 2951 993 3026 nummis,

290 3069 391 3127 neque
412 3051 600 3127 optimatum
619 3052 734 3111 blanda
755 3071 829 3111 cure
850 3050 1007 3126 corrupit3

289 3148 343 3207 sed
365 3148 420 3225 qui
439 3149 528 3208 fuisti
547 3149 629 3209 fidus
650 3169 685 3208 ac
706 3149 773 3208 sine
795 3149 921 3223 offensa,

288 3246 397 3307 vivum
418 3247 573 3323 fovebant,
598 3250 759 3310 mortuum
780 3247 887 3307 dolent
907 3266 1025 3306 omnes.

287 3344 367 3432 haec¹
380 3345 450 3406 laus
467 3346 526 3405 tibi
544 3347 674 3423 ingens;
698 3367 763 3406 non
782 3347 865 3423 quod
886 3347 938 3405 hic
959 3349 1051 3406 tuum
1072 3365 1210 3406 marmor

289 3444 443 3522 contingic
463 3463 533 3505 osse
551 3444 739 3521 principum,
762 3444 841 3505 cinis
862 3465 969 3522 reges3

288 3543 342 3603 sed
363 3543 514 3604 innocens
534 3543 616 3620 quod
638 3544 742 3602 omnis
762 3546 794 3603 ec
814 3543 885 3620 pius
906 3543 994 3614 dicei,

289 3639 394 3700 dolore
414 3641 544 3717 pulsans
564 3642 680 3716 peccue
704 3641 766 3702 Hic
787 3641 875 3716 iaces,
900 3639 968 3702 Gai.
