3004 4520
625 347 841 396 OXONIENSIS

687 517 771 558 cxxv

318 614 429 695 Πάτερ,
452 611 613 697 κατάσχες·
647 614 680 677 οὐ
703 613 760 695 γὰρ
783 615 862 675 ἄλλο
884 611 1016 693 σήμερον

317 716 335 796 ἢ
358 725 464 799 μοῖραν
487 719 672 798 ἐκπίμπλημι
695 717 750 795 τὴν
774 721 850 780 θεῶν
871 717 930 780 ὕπο

316 818 382 900 ἐμοὶ
404 820 555 905 γενομένῳ
579 821 735 901 σύμφυτον
758 819 965 899 πεπρωμένην·

316 925 355 988 σὺ
377 925 403 989 δ’
426 927 558 990 ἐκτελεῖς
579 923 613 988 τὸ
637 930 717 988 θεῖον
740 924 886 1006 ἀγνώστῳ
908 924 984 1005 χερί.

316 1032 407 1107 θυμδς
432 1027 487 1108 γὰρ
511 1026 670 1110 ἐξήγγειλέ
693 1029 732 1106 σ’,
755 1029 840 1118 ὅστις
863 1025 941 1105 ἦσθ’,
964 1028 1042 1105 ε’μός,

316 1134 385 1196 ἐπεί
405 1158 441 1195 σε
465 1139 582 1213 πρῶτον
605 1132 694 1206 εἶδον,
718 1131 776 1194 οὐδ’
801 1133 818 1192 ὁ
841 1131 904 1208 σός,
927 1129 1029 1211 πάτερ,

317 1235 392 1316 σάφ’
415 1235 478 1312 οἶδ’,
502 1235 631 1317 ε’σίγησ’·
663 1235 744 1297 ἀλλὰ
766 1233 888 1318 χαλκέῳ
912 1231 980 1296 ποδὶ

315 1340 333 1418 ἡ
356 1345 444 1418 μοῖρα
467 1337 530 1402 τάδ’
553 1339 714 1418 έπάτησεν·
744 1339 798 1416 ἥδε
820 1338 874 1416 τὴν
896 1337 997 1418 μάχην

315 1446 463 1523 συνῆψεν,
485 1443 531 1521 ἥδ’
554 1441 660 1525 έρριψέ
680 1441 710 1521 μ’
733 1439 783 1505 ε’πὶ
806 1447 917 1520 πατρὸς
940 1442 1028 1522 δόρει.

316 1545 364 1609 καὶ
387 1551 480 1609 ταῦτα
501 1547 556 1626 μὲν
580 1552 723 1626 σιγῶμεν·
755 1543 885 1626 έξεάρηκ’
909 1546 967 1625 ἐγὼ

314 1655 367 1713 τδν
390 1650 501 1730 πάτερ’·
531 1651 638 1728 ὄνησιν
661 1647 747 1712 τοῦδέ
768 1649 796 1730 γ’
818 1651 988 1728 ὑπολαβεῖν
1009 1645 1040 1726 μ’
1063 1647 1106 1710 ἔα.

313 1751 352 1815 ἴθ’
375 1753 435 1827 οὖν,
459 1757 491 1817 έν
513 1753 600 1837 ἄμμῳ
622 1754 692 1840 τῇδε
714 1779 766 1832 μοι
789 1750 957 1832 παρήμενος

313 1856 409 1920 άπτοο
430 1882 463 1919 τε
486 1861 593 1938 κρατὸς
615 1856 715 1939 χερσί,
739 1857 788 1918 καὶ
811 1853 956 1935 παρηΐδας

314 1959 415 2034 ι’κύσον,
439 1963 542 2038 διῆνον
565 1961 711 2044 δακρύοις,
732 1960 844 2040 λέγων,
865 1957 988 2022 Τέκνον.

314 2061 361 2127 καὶ
384 2070 505 2128 σπεῦδε·
535 2065 638 2145 μικρὸς
661 2063 709 2127 καὶ
732 2062 826 2146 ταχὺς
847 2065 920 2141 βίον
943 2063 1051 2145 χρόνος

312 2169 378 2247 ἐμοὶ
399 2172 559 2250 μετρεῖται·
589 2169 637 2230 καὶ
660 2167 716 2250 γὰρ
741 2169 896 2247 άστραπῆς
918 2167 1002 2242 δίκην

313 2275 489 2351 προσῆλθον
513 2271 637 2349 ἐνταῦθ’,
661 2271 701 2337 ὣς
724 2269 801 2348 πνοὴ
825 2269 850 2334 δ’
873 2268 1053 2352 ἀπέρχομαι,

313 2375 472 2454 αἰφνίδιος,
495 2375 580 2450 ὠκύς,
602 2376 641 2442 ὡς
663 2374 847 2458 ταχύπτερος
869 2372 955 2450 πνοή.

314 2479 383 2540 ἀλλ’
406 2478 464 2542 ὧδέ
487 2505 551 2544 πως
573 2482 694 2561 εἵμαρτο
718 2485 779 2544 τοῖς
802 2482 883 2543 θεοῖς
904 2483 938 2539 τὸ
962 2478 1039 2557 πρίν.

988 2575 1191 2611 emmau

669 2675 766 2717 CXXVI

306 2771 455 2830 Protinus
475 2771 619 2830 insiliens
640 2772 769 2830 cumbae
790 2769 961 2830 mtinaeula
982 2768 1067 2845 fmgi,

305 2889 420 2946 perque
442 2869 509 2928 dies
529 2873 651 2945 septem
672 2870 805 2928 iactatus
825 2869 859 2926 in
879 2887 1010 2944 aequore
1031 2870 1121 2926 vasto

305 2970 337 3026 et
356 2969 467 3026 lunam
488 2986 612 3026 mecum
632 2967 877 3042 comitantiaque
898 2968 981 3024 astra
1001 2965 1155 3026 videbam.

306 3065 439 3140 septima
460 3085 523 3124 nox
544 3065 657 3140 aderat
682 3066 783 3142 posito
804 3085 876 3124 cum
896 3064 1023 3124 flamine
1043 3063 1130 3123 venti

305 3163 412 3222 audivi
433 3163 521 3221 duris
541 3182 684 3222 resonare
705 3163 897 3222 anfractibus
917 3181 1005 3221 oram

304 3263 336 3319 et
357 3261 486 3319 tandem
508 3261 636 3319 inlisam
657 3261 741 3320 saxis
762 3262 886 3320 haerere
907 3260 1046 3320 carinam

303 3358 445 3434 margine
466 3358 575 3418 litoreo
596 3359 699 3434 sensi;
727 3363 798 3419 tum
819 3359 950 3435 desuper
970 3378 1073 3418 arcem

304 3457 484 3517 Phaeacum
505 3457 691 3532 impendam,
715 3461 748 3518 et
769 3478 833 3517 non
853 3458 920 3517 sine
941 3457 1070 3516 numine
1091 3457 1196 3516 turris,

304 3555 359 3614 illa
379 3555 466 3614 velut
487 3574 580 3630 rupes
600 3555 672 3631 rupi
692 3556 890 3632 superaddita
911 3555 1010 3615 moles

304 3656 467 3729 portarum
487 3653 608 3729 ingenti
628 3654 756 3730 pelagus
777 3655 936 3730 spectabat
957 3656 1100 3730 apertum

302 3751 440 3827 discidio,
464 3754 497 3811 et
517 3751 615 3812 scalae
638 3753 878 3814 devertebantur
898 3753 933 3812 in
954 3753 1062 3811 undae.
