3052 4496
632 396 847 444 OXONIENSIS

716 871 755 912 XC

283 970 330 1026 Tu
351 967 424 1044 fuge
444 986 617 1045 purpureos
638 967 795 1027 imitantia
816 968 870 1027 fila
891 967 1015 1044 colores,

322 1068 353 1125 et
374 1086 452 1142 quae
473 1067 608 1126 mentito
629 1067 703 1126 flore
724 1067 828 1143 tapeta
848 1066 969 1128 nitent:

282 1164 332 1223 hic
353 1164 412 1224 tibi
432 1169 513 1226 serta
533 1165 612 1225 rosis
633 1165 783 1242 spirantia
802 1165 942 1242 suggerit
963 1167 1082 1240 hortus

322 1263 373 1322 hic
394 1282 501 1323 ramus
522 1283 596 1325 vero
618 1264 700 1339 flore,
725 1265 836 1342 puella,
860 1264 960 1325 rubet.

283 1361 294 1418 i
315 1380 499 1438 quocunque
519 1362 606 1436 velis,
630 1382 761 1423 vacuam
783 1363 876 1422 modo
897 1363 1020 1441 porrige
1042 1364 1190 1436 dextram,

322 1459 380 1518 flos
400 1479 457 1518 nec
478 1459 619 1536 opinanti
640 1461 794 1522 clauditur
814 1461 882 1538 ipse
904 1481 1022 1522 manu:

283 1559 294 1617 i
317 1578 500 1635 quocunque
521 1557 608 1629 velie,
632 1559 764 1636 vestigia
784 1579 866 1636 pone
887 1579 944 1636 per
964 1558 1086 1635 herbas,

325 1677 364 1716 en
386 1657 444 1717 tibi
465 1655 523 1716 sub
544 1655 676 1732 pedibus
696 1658 788 1716 bellis
808 1660 910 1718 amata
930 1658 1034 1718 micat.

285 1756 326 1830 hi,
349 1755 546 1830 mihicrede,
571 1755 636 1816 dies
658 1757 777 1816 mundo
798 1759 944 1816 nascente
965 1757 1116 1831 nitebant,

325 1853 400 1912 haec
421 1854 544 1913 novitas
564 1854 659 1930 primi
679 1854 773 1914 florea
793 1855 878 1914 veris
899 1857 971 1914 erat.

286 1951 373 2011 mille
393 1952 586 2012 indistinctis
606 1952 661 2012 lux
675 1953 742 2030 ipsa
762 1952 918 2013 coloribus
939 1954 1035 2029 ardet,

326 2049 504 2110 Panchaeos
525 2050 637 2111 referet
658 2050 814 2128 quaelibet
833 2071 908 2111 aura
928 2059 1029 2112 notos.

285 2149 493 2226 puniceasque
513 2169 598 2208 rosas
619 2151 650 2208 et
671 2149 825 2209 caeruleos
846 2148 1040 2227 hyacinthos

327 2247 518 2324 candidaque
538 2246 640 2307 imbre
661 2248 791 2308 madens
812 2248 879 2308 lilia
900 2248 981 2308 fudit
1002 2248 1139 2308 humus:

287 2345 348 2405 irin
370 2366 442 2406 cum
462 2345 569 2422 pluvia
588 2346 707 2423 lapsam
729 2346 854 2406 labente
875 2367 930 2425 per
950 2366 1041 2408 auras

328 2441 397 2500 luce
419 2439 552 2500 colorata
572 2461 643 2501 rura
664 2441 780 2518 rigasse
801 2445 900 2519 putes.

288 2539 366 2614 quin
386 2543 417 2599 et
435 2540 470 2600 in
490 2541 556 2600 Eoo
577 2541 700 2618 fulgent
721 2561 802 2601 nova
822 2541 888 2601 lilia
909 2541 1015 2615 caelo;

328 2636 456 2698 hortum
477 2638 552 2698 solis
573 2639 617 2698 ibi
636 2640 772 2715 vivaque
792 2641 874 2698 serta
893 2638 998 2699 vides:

290 2736 357 2812 ipsa
377 2737 507 2798 trahunt
528 2757 666 2798 croceam
688 2738 843 2798 currentia
863 2737 998 2797 fiumina
1019 2736 1142 2810 lucem3

331 2834 407 2895 dum
428 2835 554 2912 fugiunt
575 2835 723 2896 Phoebus
743 2835 819 2895 fiore
839 2837 965 2895 coronat
986 2853 1100 2911 aquas;

291 2935 476 3011 suspirem,
500 2935 609 3013 virgo;
630 2937 736 3012 portas
758 2937 882 2995 Aurora
902 2933 1046 2994 rubentis

330 3031 439 3107 pandit
460 3051 530 3091 rore
550 3033 679 3092 madens
700 3035 736 3091 ut
756 3051 827 3091 rosa
846 3050 920 3091 vere
941 3030 1064 3091 sinum:

289 3149 314 3204 a,
338 3128 441 3204 fugias
460 3128 540 3189 tales
559 3128 718 3189 imitantia
738 3129 791 3189 fila
812 3129 936 3204 colores,

331 3225 475 3286 mentitis
495 3225 596 3304 fugias
616 3229 738 3286 nectere
760 3230 843 3287 serta
864 3226 951 3288 rosis.

1120 3339 1142 3372 E.
1150 3339 1173 3373 0.
1181 3339 1215 3372 W.
