3010 4494
632 349 845 399 OXONIENSIS

704 817 767 858 vm

371 909 566 992 Ἀντιρρόπως
589 912 699 995 ἔχοντα
720 913 776 976 τᾶν
798 910 905 994 γθμοις
928 913 996 992 ὁρῶ,

369 1015 442 1100 ῥοπῇ
463 1014 522 1098 γὰρ
543 1013 581 1094 ἤν
603 1015 669 1080 ποτ’
692 1015 819 1094 ἐλλιπὴς
841 1015 915 1097 ἁνὴρ
938 1015 1010 1102 κυρῇ

369 1122 499 1198 σταθμὸν
521 1119 581 1182 τότ’
602 1117 657 1198 ἤδη
679 1118 789 1199 μείζον’
811 1116 921 1206 ιἠρμένη
944 1120 1018 1202 γυνὴ

368 1221 447 1285 ἕλκει
469 1220 628 1287 τάλαντον.
674 1222 744 1286 ἀλλ’
766 1224 809 1288 δ’δ’
833 1224 962 1303 ἔμπεδος
982 1221 1076 1301 μένει,

368 1321 436 1388 ὥστ’
459 1326 527 1389 οὐδὲ
547 1331 669 1407 μᾶλλον
691 1329 722 1390 αἱ
744 1326 854 1408 χθονδς
876 1326 963 1409 ῥίζαι,
985 1325 1083 1406 νόμος,

366 1426 480 1509 γυναικὶ
502 1429 620 1508 τᾶνδον,
643 1432 726 1509 ἀνδρὶ
748 1428 882 1508 τᾶξωθεν
905 1429 1022 1512 πρέπεν

367 1529 413 1594 καὶ
434 1535 474 1618 τῷ
495 1536 551 1613 μὲν
569 1529 693 1615 Ἀρεως,
716 1536 751 1619 τῇ
774 1533 798 1596 δ’
823 1533 983 1611 Ἀθηναίας
1006 1533 1102 1596 πόνοι·

366 1635 438 1714 γυνὴ
460 1639 517 1715 μὲν
541 1637 652 1713 οἶκτον,
675 1642 746 1701 νοῦν
769 1633 795 1700 δ’
815 1636 890 1718 ἀνὴρ
912 1635 1096 1699 διδάσκαλον

367 1736 448 1821 ἔχειν
470 1739 597 1821 πέφυκε·
629 1745 705 1818 θῆλυ
726 1741 886 1805 πείθεσθαι
908 1740 1006 1822 γένος,

366 1845 398 1903 τδ
420 1839 446 1904 δ’
467 1840 555 1924 ἄρρεν
578 1844 692 1928 ἄρχειν·
724 1846 750 1908 εί
774 1845 807 1907 δὲ
827 1844 868 1926 μὴ
891 1842 954 1906 τάδ’
978 1841 1028 1907 ὧδ’
1052 1844 1119 1926 έχοι

366 1942 484 2009 πθντων
504 1949 581 2012 ίδοις
603 1947 641 2012 ἂν
663 1947 816 2032 σύγχυσιν
836 1953 896 2011 τῶν
919 1948 952 2010 ε’ν
973 1947 1044 2029 βίῳ.

366 2047 438 2127 κακὴ
461 2050 611 2129 σύνευνος,
632 2054 707 2132 ίσθι,
731 2052 801 2115 κούκ
825 2048 965 2137 ἐπῄνεσα,

364 2149 426 2227 ἥτις
450 2155 586 2232 κομιύσης
607 2155 746 2235 μαίνεται
767 2155 874 2220 πώλου
896 2155 981 2230 δίκην

366 2253 446 2320 ἱεῖσα
467 2259 572 2339 φωνὴν
595 2257 731 2340 διάτορον
753 2261 803 2323 διὰ
826 2263 951 2341 στεγῶν,

365 2358 495 2438 πτήσσει
518 2362 543 2425 δ’
567 2362 681 2427 ἀκούων
704 2364 736 2427 έν
757 2364 842 2450 μυχῷ
861 2360 1026 2440 καθήμενος

365 2460 437 2544 ἀνὴρ
459 2465 610 2546 ἄνανδρος,
633 2471 691 2550 πΰρ
714 2464 763 2548 ἐφ’
788 2465 873 2551 ἑστίᾳ
895 2464 1014 2546 τρέφων

365 2565 481 2646 ἆτηρόν.
527 2567 616 2647 ἀλλά,
639 2570 785 2650 παρθένος
807 2569 864 2652 γάρ
888 2565 951 2632 ἐστ’
972 2568 1025 2648 έτι,

364 2669 419 2750 χρὴ
443 2678 659 2750 πωλοδαμνεῖν,
683 2670 730 2736 καί
753 2673 810 2756 γὰρ
834 2675 971 2755 ἐγκρατεῖ
991 2669 1058 2754 χερὶ

365 2772 605 2858 έπιστομισθεῖσ’
628 2779 681 2842 οὐκ
702 2777 740 2841 δν
762 2780 806 2846 είς
830 2777 952 2858 ὁμιλίαν

368 2881 451 2944 έλθοι
472 2881 501 2965 μ’
524 2881 645 2947 ἐκείνων
664 2887 723 2946 τῶν
744 2881 966 2955 καταπτύστων,
989 2881 1060 2944 ὅσοι

365 2985 534 3065 ἆτημέλητα
555 2987 610 3050 τάν
633 2985 714 3072 δόμῳ
738 2986 868 3050 νεοσσία

364 3089 453 3154 ἐῶσιν
476 3089 573 3170 ἔρρειν
596 3091 639 3156 εἰς
660 3089 695 3152 τὸ
718 3094 788 3170 πῦρ,
809 3091 862 3153 έδν
882 3088 967 3174 τύχῃ,

364 3193 394 3256 έν
416 3189 438 3279 ᾧ
461 3193 597 3275 θύραθεν,
619 3193 721 3274 ὥσπερ
744 3193 776 3255 αἱ
800 3195 970 3270 καπηλίδες,

320 3339 327 3356 .
365 3302 464 3374 βοῶσι
486 3294 596 3376 λήρους
619 3292 666 3359 καὶ
689 3295 787 3359 δίκαια
812 3295 925 3359 κᾶδικα.

1074 3412 1094 3446 J.
1108 3411 1134 3445 Y.
1145 3412 1164 3446 S.
