3052 4496
689 383 923 440 ANTHOLOGIA

755 509 858 552 xcvm

567 587 783 654 Μεσοννκτίοις
806 585 871 651 ποτ’
895 587 995 668 ὥραις,

565 689 727 772 στρέφεται
749 690 791 755 ὅτ’
815 691 921 772 ἄρκτος
943 689 999 770 ἤδη

564 797 639 857 κατὰ
660 800 745 875 χεῖρα
766 794 822 874 τὴν
844 795 974 873 Βούτου,

562 899 702 978 μερόπων
723 899 756 961 δὲ
779 903 862 979 φῦλα
884 896 983 961 πάντα

563 999 662 1064 κέαται
685 1001 766 1086 κόπῳ
789 1001 928 1080 δαμέντα,

562 1104 623 1169 τότ’
642 1102 739 1187 Ἔρως
762 1104 936 1171 έπισταθείς
957 1130 1012 1184 μευ

565 1207 675 1289 θυρέων
698 1207 797 1274 ἕκαστ’
820 1211 925 1293 ὀχῆας.

563 1310 669 1380 “Tse'’
693 1313 770 1394 ἔφην
792 1319 810 1348 “
822 1313 910 1393 θύρας
932 1310 1084 1395 ἀρόσσῃς

566 1414 640 1478 κατά
661 1441 716 1494 μευ
739 1415 852 1498 σχίζεις
875 1413 1036 1497 δνείρους.”

564 1520 580 1580 δ
602 1518 628 1582 δ’
646 1517 745 1601 Ἔρως
768 1521 783 1550 “
793 1518 896 1602 ἄνοιγε
905 1517 923 1542 ”
947 1520 1052 1600 φησίν,

562 1621 707 1704 ’Ὃνὲφῡς
729 1623 799 1702 εἶμί,
822 1623 863 1702 μὴ
887 1623 1038 1704 Φόβησαι·

560 1725 710 1808 βρέχομαι
733 1727 765 1789 δὲ
787 1726 957 1804 κᾶσέληνον

561 1827 637 1892 κατὰ
659 1828 748 1892 νύκτα
771 1827 1001 1908 πεπλάνημαι.”·

562 1933 676 2012 έλέησα
697 1932 778 1996 ταῦτ’
801 1933 942 2008 ἀκούσας,

562 2037 619 2100 όνδ
641 2035 666 2100 δ’
691 2036 761 2100 εύθὺ
784 2035 899 2117 λύχνον
922 2034 1015 2117 ἅψας,

560 2138 674 2224 ἆνέφξα
698 2141 746 2203 καὶ
768 2139 885 2221 βρέφος
907 2141 963 2217 μὲν

562 2243 657 2323 έσορῶ
681 2241 814 2324 φέροντα
836 2241 924 2321 τόξον

341 2352 344 2358 ’
440 2371 442 2376 ·
561 2345 709 2428 πτέρυγάς
730 2371 763 2411 τε
787 2345 834 2410 καὶ
857 2346 1015 2427 φαρέτρην.

561 2451 642 2531 παρὰ
665 2451 690 2515 δ’
715 2449 814 2528 ἱστίην
837 2455 956 2524 καθῖσα,

560 2553 713 2632 παλάμαις
735 2580 770 2619 τε
792 2559 895 2638 χεῖρας
917 2553 1006 2617 αὐτοῦ

562 2657 743 2730 ἇνέθαλπον,
767 2660 799 2721 ἐκ
823 2661 856 2721 δὲ
876 2659 983 2741 χαίτης

560 2759 730 2841 ἀπέθλιβον
751 2761 844 2845 ὑγρὸν
865 2763 954 2842 ὕδωρ.

562 2866 578 2928 ό
601 2863 637 2944 δ’,
661 2867 726 2930 ἐπεὶ
750 2865 836 2948 κρύος
856 2867 995 2944 μεθῆκεν,

560 2975 577 3004 “
587 2970 660 3050 φέρε
671 2966 689 2993 ”
712 2970 792 3051 φησὶ
815 2975 833 3003 “
844 2966 1033 3049 πειρόσωμεν

560 3075 629 3137 τόδε
651 3071 747 3152 τόξον,
770 3076 848 3138 εἴτι
870 3098 921 3151 μοι
944 3077 997 3135 νῦν

559 3174 714 3257 βλάβεται
736 3182 890 3261 βραχεῖσα
913 3173 1031 3257 νευρή.”

561 3279 661 3344 τανύει
684 3283 716 3344 δὲ
740 3283 790 3344 καί
811 3306 849 3359 με
871 3280 975 3343 τύπτει

559 3382 655 3461 μέσον
677 3383 768 3465 ἧπαρ,
791 3385 893 3466 ὥσπερ
916 3383 1045 3463 οἶστρος·

559 3487 617 3548 ἆνῖι
638 3486 663 3549 δ’
688 3486 816 3550 όλλεται
839 3485 987 3570 καχάζων,

558 3594 575 3623 “
588 3586 655 3668 ξένε
677 3587 703 3652 δ’
715 3587 735 3617 ”
759 3590 826 3654 εἶπε
848 3594 863 3623 “
875 3590 1054 3673 συγχόρηθι·

559 3691 644 3774 κέρας
667 3693 809 3773 ἀβλαβὲς
830 3693 887 3774 μέν
909 3695 1004 3768 ἐστιν,

558 3795 597 3859 σὺ
618 3795 651 3859 δὲ
674 3797 796 3876 καρδίην
818 3794 990 3876 πονήσεις.”
1123 3829 1267 3865 mennon.
