3004 4520
621 347 836 397 OXONIENSIS

228 528 286 568 nec
305 507 421 568 formas
443 511 544 568 astare
565 507 733 567 hominum
753 507 807 567 sed
828 510 917 568 torva
938 505 1065 568 leonum

227 626 356 684 corpora
375 606 532 684 conspexi,
555 605 649 682 pleno
670 606 728 666 sub
749 605 869 665 lumine
889 605 990 678 lunae,

226 705 372 764 excubias
392 725 482 782 agere
502 708 534 765 et
554 705 676 764 clausas
697 704 838 764 obsidere
858 706 972 781 portas.

226 803 340 863 emicui
360 802 395 862 in
416 803 514 863 scalas
535 803 644 878 audax,
668 804 842 880 cumbaque
862 802 970 863 relicta

227 902 311 962 nitor
332 901 366 961 in
386 903 570 964 adversum:
598 901 744 963 destricto
764 901 908 979 protinus
929 921 1002 960 ense

227 1003 299 1060 ante
319 999 398 1060 foris
418 1001 554 1060 aderam.
598 1000 704 1060 subito
724 1000 845 1060 fervore
867 999 973 1060 leones

228 1098 415 1176 arrectisque
436 1102 556 1159 exstare
577 1099 667 1172 iubis,
693 1119 749 1158 ceu
770 1098 871 1175 surgit
891 1099 926 1158 in
947 1118 1034 1159 arma

227 1195 423 1274 bellipotens,
446 1217 653 1275 umerumque
675 1197 764 1257 uncis
785 1197 848 1257 iam
868 1197 1017 1274 prendere
1037 1197 1197 1274 utrimque

227 1297 384 1373 unguibus
406 1297 561 1356 horrendo
581 1295 695 1356 stantis
715 1295 894 1356 discrimine
914 1297 978 1359 leti.

1051 1409 1074 1442 Ε.
1086 1408 1113 1443 D.
1125 1407 1150 1443 Δ.
1165 1408 1193 1443 1.

673 1691 786 1733 CXXVII

225 1787 299 1863 Vos,
324 1788 421 1865 fluvii,
446 1809 544 1866 genus
566 1786 742 1865 antiquum,
766 1788 924 1865 silvaeque
943 1791 1093 1861 vetustae,

226 1906 304 1962 quas
324 1887 446 1964 trepido
467 1886 603 1947 celebrat
623 1886 740 1947 vocalis
760 1887 853 1946 turba
874 1906 1023 1962 susurr0;

225 2005 290 2061 vos,
315 1985 396 2063 iuga,
420 2005 485 2060 vos,
510 1986 635 2062 Tempe,
660 1986 741 2046 feste
761 1986 911 2046 laetantia
932 1987 997 2047 ritu

226 2102 304 2158 quae
325 2082 447 2143 cultum
468 2083 792 2160 induitis-ventique
813 2086 846 2143 et
865 2084 975 2144 nubila
995 2085 1080 2158 caeli,

225 2184 321 2257 tuque
342 2183 423 2241 mari
444 2182 538 2242 tellus
559 2183 703 2242 nimboso
724 2183 846 2242 foedere
867 2185 975 2260 nupta,

224 2283 256 2339 et
276 2301 426 2358 superum
447 2281 529 2341 dono
549 2281 643 2341 terris
664 2301 876 2358 quaecumque
898 2282 1024 2341 novatis

224 2378 330 2438 vivida
350 2379 489 2439 luxuriat
509 2378 621 2454 proles,
645 2381 839 2456 matremque
861 2379 993 2440 salutat:

225 2477 284 2535 hoc
304 2496 362 2552 ego
383 2497 466 2537 nunc
484 2478 701 2554 quodcumque
723 2477 834 2537 hilaris
855 2477 1042 2554 coniungere
1063 2481 1173 2538 cantus

224 2577 330 2634 vestro
351 2595 436 2650 aveo,
460 2576 590 2635 brumae
611 2595 777 2652 perpessus
797 2579 829 2636 et
849 2576 915 2652 ipse
936 2576 1057 2637 furores

225 2673 280 2747 qui
299 2676 499 2749 tempestates
515 2673 615 2733 animi
634 2673 796 2751 diramque
816 2675 943 2734 ruinam

225 2770 310 2830 evasi
330 2771 506 2832 incolumis.
549 2792 608 2847 me,
633 2792 683 2831 me
706 2773 885 2849 genitabilis
906 2793 982 2833 aura

226 2868 337 2927 leniter
357 2868 481 2944 afflavit,
505 2889 557 2928 me
576 2890 633 2929 ver
654 2871 803 2931 recreavit
824 2871 962 2930 amicum

225 2987 356 3043 spesque
377 2986 475 3027 novae
495 2967 590 3044 addit,
614 2968 723 3028 vitalia
744 2969 873 3045 semina,
898 2970 1006 3029 menti.

225 3067 283 3125 has
304 3085 378 3142 ergo
398 3065 524 3124 institui
544 3067 702 3142 praesenti
722 3067 881 3128 exsolvere
903 3069 983 3142 dive,

226 3165 368 3243 quisquis
388 3165 416 3224 is
436 3168 491 3240 est,
515 3164 668 3241 lacrimas,
693 3167 748 3243 qui
769 3187 819 3226 me
840 3168 971 3246 caligine
993 3169 1059 3230 dira

225 3259 325 3319 -etsi
345 3279 402 3320 nee
423 3279 551 3319 sensum
573 3260 690 3336 retegit,
715 3280 773 3320 nec
794 3262 931 3322 cernitur
951 3264 1049 3324 ulli—

225 3380 296 3420 vere
317 3380 400 3419 novo
421 3360 603 3435 exemptum
623 3356 724 3418 dulcis
744 3358 852 3419 eduxit
873 3359 908 3420 in
928 3382 1028 3425 auras,

225 3459 355 3534 proinde
369 3476 544 3535 ego—nam
557 3475 607 3515 me
622 3457 682 3515 hoc
699 3456 777 3516 scire
794 3457 984 3536 sinit—pars
1001 3461 1066 3538 ipse
1086 3466 1226 3523 catervae

225 3561 353 3633 argutae
374 3555 520 3616 modulor
541 3558 634 3615 cantu
656 3576 733 3633 quas
754 3556 886 3618 flumina
907 3579 997 3620 voees

226 3675 288 3715 une
308 3655 406 3715 edunt
426 3654 653 3732 volucrumque
675 3675 781 3732 genus,
806 3663 990 3736 montesque
1013 3658 1193 3736 lequuntur.

1094 3789 1122 3823 Η.
1137 3789 1157 3824 S.
1171 3789 1191 3824 J.
