3052 4496
638 395 854 442 OXONIENSIS

714 593 782 634 an

245 684 358 769 Ὀρέων
381 686 435 751 οἵδ’
458 687 518 750 άπύ
540 685 566 750 θ’
590 690 672 752 ύλῶν
1130 712 1195 767 στρ.
1216 713 1244 749 α.

246 789 432 870 ἆφικάνομεν
454 789 619 868 θοάζοντες,
641 792 733 873 ύγρδς
756 793 795 856 ἵν’
818 793 896 872 ἀμφὶ
920 790 1029 869 νήσους

246 896 378 974 ποταμοῦ
400 892 503 975 λάβρα
527 893 728 975 καχλάζοντος
751 897 877 977 ἐσίγησε
900 896 1015 958 κλύδων

332 1001 389 1062 ὑπὸ
413 997 553 1079 σύριγγος
576 1001 656 1077 ἐμῆς·

246 1103 312 1166 τότε
336 1105 407 1188 σιγῇ
429 1103 563 1167 δονάκων
584 1105 639 1181 μὲν
662 1103 759 1168 πέσον
783 1105 879 1185 αὖραι,
903 1105 970 1168 τότε
994 1102 1092 1185 πλήρη

247 1205 313 1284 θύμ’
336 1207 463 1288 ἐσίγησε
486 1213 654 1285 μελισσῶν,
678 1208 696 1269 ὅ
718 1204 743 1272 τ’
766 1207 880 1272 ἄνωθεν
903 1207 982 1287 τάφε
1005 1206 1111 1286 τέττιξ,

247 1311 369 1391 ταχινός
391 1336 425 1374 τε
448 1315 558 1390 σαῦρος
581 1310 666 1389 έστα,
689 1309 768 1391 τάφε
790 1311 815 1374 τ’
839 1313 918 1394 ὅρνις
942 1311 985 1375 ένὶ
1007 1311 1135 1393 μύρτοις·

247 1412 343 1495 ἐπάγη
367 1415 400 1478 δὲ
422 1412 509 1478 πάνθ’
534 1415 615 1479 ὅπως
639 1416 658 1476 ἃ
681 1414 756 1477 κατὰ
778 1419 908 1494 Τμῶλον
930 1415 1026 1492 λίθος,
1050 1414 1149 1478 αὐλῶν

332 1520 389 1581 ὑπὸ
413 1521 549 1599 σειρῆνος
574 1519 661 1594 ἐμῶν.

246 1619 295 1702 ῥέε
318 1624 374 1702 μὲν
396 1625 515 1698 Πηνεδς
536 1621 635 1702 ὑγρός,

247 1724 340 1790 νάπος
362 1725 469 1789 ὕπτιον
491 1727 524 1787 δὲ
546 1725 691 1803 Τεμπέων
713 1725 771 1788 ὑπὸ
795 1727 915 1804 Πηλίου
938 1730 1073 1788 σκιαῖσιν
1136 1727 1199 1789 ἀντ.
1217 1751 1247 1786 α.

245 1828 318 1911 ῥέπε
340 1830 429 1908 μείζω
452 1828 518 1911 ῥέπ’
539 1831 569 1895 ές
589 1830 714 1910 ὄρφνην,
739 1830 818 1911 ἱερόν
841 1829 865 1891 τ’
890 1829 995 1909 ἔφθινε
1019 1836 1085 1909 φῶς

331 1934 390 1995 ύπδ
413 1934 556 2014 σύριγγος
577 1935 658 2011 ἐμῆς.

248 2037 388 2117 Σατύρων
412 2037 435 2100 δ’
460 2037 604 2117 έκδραμεν
628 2039 731 2118 ὄχλος,
754 2035 846 2118 δράμε
868 2039 1014 2112 Σειληνὸς
1038 2037 1200 2116 ἀγρώστης.

247 2140 308 2221 ἅμα
331 2138 409 2206 Νοίς
432 2166 465 2203 τε
488 2141 671 2221 προκύψασα
693 2147 796 2220 μυχῶν
820 2135 867 2201 καὶ
892 2139 990 2219 Δρυδς
1013 2140 1110 2219 ὑγρῶν

246 2244 397 2322 ποταμούς
420 2241 445 2306 τ’
468 2244 592 2307 ἔλειπον
614 2244 690 2307 ύλας
713 2269 756 2320 τε,
780 2242 863 2325 πόθῳ
887 2241 914 2323 γ’
938 2244 970 2306 οἱ,
990 2243 1045 2320 μὲν
1067 2244 1201 2316 ἁλόντες,

246 2347 329 2409 -σὺ
352 2348 384 2410 δὲ
407 2352 459 2410 νῦν
482 2347 585 2430 φθόνῳ
608 2346 648 2429 γ’,
671 2345 937 2409 Ἀπόλλων-ὑπό
963 2344 989 2408 τ’
1011 2349 1115 2427 ἴυγγος
1138 2347 1248 2408 ἀοιδῶν

245 2515 248 2522 ,
333 2451 510 2527 ἐσιώπησαν
532 2453 619 2531 ἐμῶν.

249 2553 342 2638 χορὸν
364 2554 482 2634 ἄστρων
505 2552 561 2634 γὰρ
585 2555 686 2617 ἄειδον
1132 2578 1199 2632 στρ.
1215 2559 1248 2631 β.

247 2658 342 2740 χθόνα
366 2656 391 2718 τ’
413 2657 449 2720 ού
472 2657 644 2735 δαιδαλέην,

248 2761 436 2841 ἐπίφαυσκόν
458 2787 490 2825 τε
514 2761 669 2842 Γιγάντων

248 2865 397 2942 πολέμους
420 2867 469 2928 καὶ
493 2870 567 2932 Διὸς
591 2865 689 2947 ἕδραν,
713 2865 851 2945 μερόπων
876 2865 902 2926 θ’

334 2967 396 3044 ἅμα
417 2967 607 3048 γένναν,ηκαὶ
631 2971 717 3034 ὅδους

336 3072 410 3155 ζῳῆς
432 3072 484 3150 ἠδὲ
506 3070 657 3137 τελευτάς.

247 3174 382 3251 μεταβὰς
405 3175 429 3238 δ’
453 3174 490 3236 αὖ

248 3277 308 3338 τότ’
332 3277 379 3340 ἐπ’
402 3278 500 3340 ἄλλον
522 3277 609 3355 οἶμον
631 3278 707 3359 άμῆς

199 3424 204 3430 -
250 3382 397 3463 σύριγγος,
421 3380 516 3447 πάθος
539 3381 612 3465 ᾆδον

334 3483 369 3546 τδ
391 3485 533 3564 παλαιόν,
557 3482 620 3548 κατ’
641 3481 733 3564 ἄκρον

336 3587 498 3651 Μαίναλον
519 3588 562 3652 οἷ’
585 3586 770 3670 ἐπλάγχθην.

249 3688 324 3766 μετὰ
346 3693 403 3771 γὰρ
426 3690 575 3774 παρθένον
599 3689 672 3775 ᾄξας

251 3792 349 3856 δύνακ’
373 3795 467 3876 ἔσχον
490 3795 636 3859 καθελών·

331 3920 345 3964 8
