3004 4520
608 375 822 423 OXONIENSIS

654 747 787 788 CXXXVII

339 845 421 920 Ergo
442 864 498 920 per
519 845 583 904 alta
603 846 711 917 noetis,
735 847 773 904 ut
793 844 957 922 spirabiles

378 944 486 1018 pacata
507 943 584 1002 dant
604 962 698 1002 aurae
717 943 796 1017 loca,

338 1060 410 1099 cum
431 1040 506 1100 luna
526 1060 605 1116 puro
626 1040 768 1101 fundite
790 1041 874 1102 caelo
895 1041 987 1101 iubar

380 1141 526 1215 retroque
547 1138 683 1198 subsidit
702 1139 824 1214 salum;

338 1257 410 1296 eum
431 1236 576 1297 suaviora
596 1236 725 1296 flamina
745 1238 884 1314 aspirant
903 1238 983 1298 mari

380 1336 417 1395 de
438 1338 547 1396 monte
567 1336 697 1396 floribus
717 1338 792 1412 sate,

340 1434 511 1511 umbraque
532 1454 624 1511 rupes
646 1434 819 1512 nigricante
840 1435 987 1496 candidos

380 1535 498 1592 tractus
517 1533 705 1592 harenarum
725 1535 853 1593 notant:

338 1631 402 1689 iam
422 1633 499 1690 tune
519 1631 558 1690 ad
579 1650 656 1706 oras,
680 1632 744 1690 lata
765 1632 843 1691 dum
864 1634 974 1709 regnat
995 1632 1090 1708 quies,

381 1731 530 1806 sinusque
551 1748 658 1788 eamus
679 1728 828 1806 fulgidos

339 1846 399 1901 qua
420 1827 501 1886 alara
522 1826 598 1886 litus
618 1827 688 1903 alga
708 1827 914 1904 perlongum
935 1828 1030 1887 micat

380 1924 486 1983 refluis
507 1925 616 1984 relicta
636 1925 795 1986 fluctibus.

337 2024 457 2082 stantes
476 2023 604 2082 harenis
625 2023 776 2099 oppidum
796 2023 992 2083 intuebimur

379 2121 477 2181 iacere
497 2121 644 2197 sopitum,
668 2121 772 2195 silens,

338 2222 557 2298 templumque
577 2241 676 2298 prone
697 2222 816 2282 montis
836 2221 1024 2298 impositum
1044 2223 1134 2299 iugo:

380 2321 418 2380 ad
439 2320 503 2379 ima
525 2320 639 2380 dehine
659 2319 839 2380 redibimus.

343 2417 445 2492 ‘illia’
466 2438 623 2493 canemus,
651 2419 812 2478 ‘conditur
833 2438 940 2478 aarum
961 2421 1062 2495 eaput,

379 2519 411 2576 at
431 2517 486 2576 illa
508 2517 585 2576 duro
606 2519 729 2592 pectore

337 2615 460 2691 fugiens
481 2615 516 2674 in
539 2635 633 2675 omne
653 2617 779 2692 tempus
800 2615 941 2675 orbatam
962 2614 1046 2675 senis

378 2713 499 2789 prolem
519 2713 648 2790 reliquit
668 2714 803 2774 Nereos'

1090 2825 1110 2858 J,
1123 2824 1148 2857 A.
1160 2824 1183 2857 (I.

644 3149 791 3190 CXXXVIII

349 3241 472 3308 Μάταια
495 3248 627 3323 κομπεῖς,
651 3246 736 3310 ὅστις
759 3244 793 3323 εἴ,
816 3244 950 3323 σκληρὸν
972 3243 1054 3325 κάρα·

348 3347 462 3429 οὐγὰρ
485 3347 524 3410 σὺ
547 3346 583 3427 δή
605 3348 634 3427 μ’
658 3348 801 3425 ἔκτεινας,
825 3344 848 3412 ὦ
871 3349 1069 3428 σεμνόστομε,

348 3453 444 3531 πατὴρ
466 3451 508 3530 δέ,
532 3451 637 3518 καύτὸς
661 3451 839 3533 φιλοπάτωρ
861 3450 938 3532 ἄγαν
961 3452 1076 3533 φανείς.

350 3559 375 3619 εἰ
398 3554 455 3637 γὰρ
478 3555 551 3636 πρὸς
573 3554 681 3630 ἄνδρας
702 3561 812 3636 μοῦνος
834 3555 981 3632 ἀντέστην
1004 3554 1075 3618 δέκα

349 3661 429 3726 οἵους
452 3659 490 3723 σέ
510 3659 549 3742 γ’,
571 3661 634 3726 οἶος
655 3659 675 3740 ἦ
696 3658 790 3740 πάρος
812 3659 897 3737 τῆσδ’
919 3658 1040 3740 ἡμέρας,

351 3769 443 3828 κεῖνοι
464 3765 519 3842 μὲν
542 3763 591 3828 ὧδ’
610 3763 715 3829 ἔκειντ’
739 3763 785 3838 ἄν,
809 3762 933 3842 εἶστήκη
957 3762 982 3826 δ’
1005 3762 1074 3844 ἐγώ.
