3004 4520
618 371 834 421 OXONIENSIS

678 862 772 904 cxnvr

387 958 469 1034 Ergo
491 957 564 1018 audi
584 960 615 1017 et
635 961 705 1035 pete
727 959 776 1018 bis
796 962 902 1019 vocate
923 959 1057 1035 Vectim,

386 1092 449 1149 qua
468 1072 556 1133 fumo
576 1073 685 1150 procul
706 1072 794 1134 urbis
814 1075 846 1133 et
866 1074 1007 1135 tumultu

384 1186 459 1246 hinc
479 1189 572 1263 atque
592 1187 666 1246 inde
688 1187 870 1248 cadentibus
891 1187 1029 1248 tenebris

385 1304 489 1379 specto
510 1301 574 1361 iam
594 1302 696 1380 magis
716 1323 751 1363 ac
771 1303 872 1380 magis
892 1302 1009 1380 nigrari

385 1416 548 1476 hortulum
569 1412 637 1476 sine
658 1436 744 1476 more
765 1416 968 1493 comptiorem

384 1530 458 1591 clivi
478 1531 583 1592 nobile
604 1551 700 1608 quem
720 1531 831 1608 iugum
852 1534 977 1591 coercet.

383 1646 430 1706 nil
452 1666 560 1706 cenam
582 1645 642 1706 tibi
662 1646 785 1706 condiet
805 1646 938 1724 maligni

382 1762 436 1821 aad
458 1761 505 1820 sal
526 1759 694 1833 candidior,
719 1759 841 1820 salubre
860 1760 981 1836 vinum,

382 1877 414 1934 et
435 1876 520 1935 solua
539 1895 635 1952 pmpe
655 1875 810 1935 fabulator
830 1876 895 1936 ales

382 1990 478 2066 pinus
499 1988 637 2049 culmine
658 1992 760 2049 tectus
780 1989 960 2066 increpabit.

383 2124 459 2166 nam
480 2104 588 2182 pineta
607 2107 718 2164 tenent
738 2107 903 2181 utramque
923 2107 1044 2182 partem

382 2241 460 2299 quae
480 2219 588 2280 flabris
608 2219 797 2280 hiemalibus
816 2221 973 2297 resistant,

382 2339 413 2396 et
434 2356 548 2396 canens
567 2335 677 2412 procul
696 2336 862 2412 ingruente
882 2337 980 2396 fluctu

381 2471 437 2529 per
458 2455 574 2511 cretam
594 2450 672 2511 furit
691 2451 776 2510 unda
796 2471 911 2527 perque
931 2451 1082 2512 harenas:

381 2587 444 2644 qua
464 2567 552 2626 lento
572 2566 650 2641 pede
671 2565 767 2625 lactea
788 2565 847 2625 sub
868 2585 936 2626 arce

381 2681 409 2740 si
428 2681 494 2741 fors
515 2681 609 2756 longa
629 2680 732 2740 carina
751 2679 920 2758 navigabit,

364 2797 411 2856 ¹et
432 2816 487 2873 per
507 2796 587 2857 lucis
606 2797 667 2856 iter
686 2796 771 2856 vices
792 2799 824 2856 et
846 2797 975 2856 umbrae

379 2913 443 2972 iam
464 2911 622 2972 sublustre
644 2911 761 2972 secabit
781 2911 816 2970 in
836 2911 1041 2988 profundum5

381 3029 486 3086 tecum
507 3025 656 3085 disserere
677 3025 814 3102 improbi
834 3024 943 3086 licebit

382 3143 413 3200 et
434 3140 541 3218 culpas
563 3143 595 3200 et
615 3140 751 3218 origines
772 3139 880 3204 duelli.
