3004 4520
604 338 818 387 OXONIENSIS

633 1204 750 1245 CLXXIV

213 1299 324 1360 Fessus
345 1299 399 1359 ubi
419 1299 453 1358 in
472 1301 614 1377 plumam
635 1301 766 1361 demitto
786 1303 938 1378 tempore,
960 1301 1055 1362 flatus

252 1398 309 1458 hos
330 1397 475 1475 geminus
493 1398 604 1458 Morcis
623 1399 731 1476 dirigis
750 1400 817 1477 ipse
838 1400 944 1477 Sopor.

212 1497 278 1572 ipse
300 1497 398 1573 Sopor
418 1499 577 1573 geminam
598 1498 697 1557 nescit
719 1517 900 1575 cognoscere
920 1498 1074 1560 Mortem:

252 1614 308 1654 nec
327 1594 409 1653 mihi
428 1615 484 1671 per
504 1615 633 1655 somnos
653 1598 689 1654 tu
709 1597 837 1673 periisse
858 1599 955 1672 potes.

211 1692 300 1766 vivis,
325 1695 357 1752 et
377 1693 523 1753 incedens
543 1695 647 1752 tecum
667 1713 733 1753 non
754 1693 819 1755 sola
838 1715 962 1771 pererro

252 1791 317 1850 iam
337 1792 412 1865 loca,
435 1791 488 1850 sed
509 1791 607 1851 laetas
627 1811 696 1850 rore
716 1794 839 1852 recente
860 1793 947 1867 vies;

212 1892 250 1949 ut
270 1908 343 1948 cum
363 1909 450 1948 more
470 1889 564 1948 tubae
585 1890 674 1949 nobis
695 1909 778 1950 nova
798 1891 894 1951 flabra
915 1890 1034 1951 Favoni

252 2007 343 2047 mano
364 1987 555 2048 refulsurum
575 1988 771 2064 praecinuere
791 1989 882 2049 diem.

213 2086 265 2145 sed
287 2085 361 2162 quid
383 2086 563 2162 conspicio?
589 2087 692 2146 media
713 2087 796 2146 inier
816 2087 927 2164 gaudia
946 2087 1043 2148 miror

252 2185 357 2243 nescio
378 2183 453 2260 quid
475 2185 583 2244 vultus
603 2185 769 2244 sollicitare
791 2187 870 2246 tuos.

213 2283 278 2359 ipse
299 2284 406 2344 dolens
427 2283 537 2343 dubito
558 2303 636 2360 quae
657 2284 699 2343 sit
720 2285 802 2344 mihi
823 2304 931 2344 caussa
951 2284 1082 2345 doloris:

253 2401 308 2441 nec
328 2402 456 2458 possum
477 2382 596 2442 somnis
617 2381 730 2441 certior
750 2403 817 2443 esse
839 2383 924 2444 meis.

214 2483 287 2540 ante
307 2483 414 2539 tamen
434 2499 558 2556 campos
579 2498 674 2557 quam
694 2480 819 2556 linquet
839 2481 949 2541 alaude
970 2481 1096 2540 novales

253 2578 377 2654 excitor,
399 2579 431 2636 et
451 2577 554 2653 didici,
577 2579 659 2654 quod
680 2578 823 2639 didicisse
844 2597 974 2654 querer3

213 2675 330 2736 scilicet
349 2677 435 2736 hunc
455 2678 592 2736 veterem
613 2677 722 2736 nostro
743 2676 801 2735 sub
821 2678 944 2752 pectore
963 2677 1085 2735 luctum

254 2771 425 2833 iniuierant
446 2773 544 2834 oculis
564 2773 684 2834 somnia
703 2793 784 2834 vanc
804 2773 876 2833 tuis.

1068 2883 1176 2917 lewa.
