3004 4520
606 380 822 429 OXONIENSIS‘

676 1067 735 1108 ουκ

284 1169 318 1223 Α.
346 1161 421 1244 Ἆρ’,
443 1159 466 1225 ὦ
489 1162 577 1243 φίλη,
600 1164 782 1241 θαυμαστόν,
806 1163 845 1230 ὣς
868 1161 964 1227 πάλαι
987 1161 1084 1244 πατὴρ

345 1272 464 1346 λυπρῶς
486 1265 599 1345 άδηλον
622 1264 658 1344 δή
681 1291 710 1329 τι
733 1268 891 1349 καλχαίνει
915 1265 1047 1350 στάγοςς

283 1375 316 1431 Β.
348 1370 428 1433 οὗτοι
451 1367 544 1451 πάρος
566 1395 613 1433 νιν
635 1369 716 1434 εἶδον
739 1369 787 1433 ὧδ’
812 1371 886 1454 ὀργῇ
910 1370 1015 1452 βαρύν.

281 1479 313 1536 Γ.
346 1475 502 1553 ἁδημονεῖς
523 1472 587 1554 μέν,
612 1473 651 1539 ὣς
675 1474 781 1550 ἔοικας,
804 1471 827 1536 ὦ
851 1473 929 1552 ξένε,

347 1577 399 1640 καί
417 1603 476 1641 που
499 1577 554 1640 θέα
577 1575 605 1637 σ’
628 1575 760 1658 ἔθραξεν·
793 1577 873 1639 ἀλλά
894 1602 956 1656 μοι,
977 1577 1091 1653 τέκνον,

346 1682 461 1762 θάρσει·
492 1679 553 1744 τόδ’
576 1680 647 1759 ἡμῖν
669 1686 815 1762 παιγνιῶν
836 1680 901 1759 ἥκει
924 1681 1021 1747 τέλος.

348 1788 375 1848 οἱ
398 1787 433 1859 δ’,
458 1787 496 1851 ὡς
518 1791 672 1866 προεῖπον,
694 1785 850 1866 δραμάτων
871 1787 1013 1867 ὑπηρέται

346 1892 435 1967 ε’μῶν,
459 1890 580 1972 ἔχοντες
602 1888 738 1952 ἄσκοπον
761 1888 844 1954 θείαν
867 1889 970 1970 φύσιν,

346 1995 376 2058 ἐς
398 1998 515 2073 πνεῦμα
536 1997 650 2074 κοῦφον
671 1993 884 2073 ἠφανίσθησαν
906 1992 1008 2057 πάλιν.

349 2093 395 2159 καὶ
416 2097 476 2174 μὴν
499 2099 588 2176 ὁμοῖα
608 2101 693 2160 τοῖνδε
715 2097 873 2176 φάσματος
895 2097 996 2184 χλιδῇ,

347 2200 437 2280 δόξαν
458 2199 555 2278 μάτην
577 2200 745 2284 τεθχοντος,
769 2201 995 2283 άστρογείτονες

340 2305 454 2387 πύργοι
476 2331 510 2371 τε
533 2303 705 2386 πάγχρυσοί
725 2327 758 2365 τε
782 2302 925 2385 κοιράνων
948 2305 1042 2384 δόμοι,

349 2407 397 2471 καὶ
419 2408 515 2487 σεμνδ
538 2414 616 2473 θεῶν
639 2407 771 2487 ίδρύματ’
793 2406 924 2475 άσπετός
947 2434 980 2474 τε
1003 2413 1042 2491 γῆ

348 2514 464 2576 αὐτοῖσι
486 2518 549 2577 τοῖς
571 2509 714 2592 νέμουσιν
737 2509 956 2592 ἐκτριβήσεται,

350 2618 396 2679 καὶ
419 2616 514 2679 τοῖσδ’
538 2616 678 2696 ἀμαυροῖς
701 2616 815 2696 ἐμφερῆ
840 2615 989 2694 θεάμασιν

348 2719 431 2798 ἅπαξ
449 2719 625 2800 μαρανθέντ’
647 2715 707 2782 οὐδ’
728 2721 813 2799 ἴχνος
835 2722 867 2784 τί
886 2745 943 2784 που
966 2725 1065 2802 φανεῖ.

350 2824 383 2886 za»
406 2824 532 2903 βρότεια
553 2819 713 2904 πράγμαθ’,
736 2822 773 2887 ὡς
796 2822 957 2906 ὀνειράτων

349 2926 479 3008 ἀλίγκιοι
500 2929 649 3006 μορφαῖσι
669 2929 722 2987 τὸν
745 2925 865 3007 βραχὺν
886 2927 957 3007 βίον

349 3037 516 3110 τελοῦντες,
538 3030 625 3093 οὐδὲν
647 3028 726 3090 ἄλλο
749 3030 830 3108 πλὴν
854 3031 951 3109 κοίτης
974 3032 1033 3095 άπο

349 3139 475 3214 σμικρὸν
497 3134 608 3217 χρόνον
630 3129 816 3212 βλέψαντες,
838 3134 875 3196 αὖ
897 3135 1076 3214 κοιμώμεθα.

1125 3252 1149 3287 n.
1161 3253 1183 3288 ο.
