3052 4496
639 345 854 394 OXONIENSIS

465 509 559 569 τῶνδε
580 511 710 587 παρειῶν
734 507 921 588 ἱμεροεσσῶυ

464 609 681 691 ἔρατεινότεραι
702 610 780 676 τίνες
802 612 903 684 εἰσίν,ο

465 713 548 777 ἀλλὰ
569 713 626 796 γὰρ
649 713 687 793 ἦν
706 739 758 794 μοι
782 717 871 797 σιγῆς
892 738 936 780 τις
960 713 1043 794 ἔρως,

462 817 561 896 κώμου
582 814 609 881 δ’
631 819 719 902 ἰαχῆς

464 922 661 1005 τερπνότερόυ
681 947 732 1001 μοι
755 927 789 986 τὸ
811 922 953 1005 γαληνόν.

1068 1038 1203 1074 unu

718 1467 773 1507 mx

251 1561 433 1638 Exempline
447 1565 540 1623 tenax
561 1564 637 1624 odeo
658 1563 841 1641 generisque
861 1563 995 1623 tuendi?

290 1660 359 1736 ipsc
378 1681 435 1736 per
454 1663 486 1720 et
506 1661 651 1737 scopulos
670 1681 819 1738 caesaque
840 1681 914 1722 sexa
934 1663 1036 1738 negot.

254 1758 357 1817 ‘mille
377 1759 482 1819 fluunt
501 1759 659 1836 exempla*
681 1759 766 1819 canit
789 1759 985 1837 ‘formaeque
1006 1759 1155 1818 caducae:

295 1857 387 1933 ‘quid
407 1857 489 1916 mihi
505 1878 577 1918 cum
597 1858 696 1918 fixis?
737 1859 843 1918 omnic
864 1878 975 1934 nempe
996 1857 1104 1916 fiuent.

254 1955 408 2016 ‘consulis
428 1957 487 2016 hae
507 1956 626 2018 sortis?
652 1977 726 2034 ergo
747 1976 817 2016 mea
838 1957 920 2016 dicte
939 1958 1055 2016 teneto.

295 2055 351 2112 ‘en
372 2075 429 2132 ego
450 2075 522 2115 sum
542 2055 626 2116 vitae
646 2075 739 2115 causa
758 2055 932 2132 modusque
952 2056 1032 2114 iuno.

254 2153 317 2212 ‘nil
337 2153 460 2212 animae
481 2153 557 2214 novi
576 2154 639 2215 nisi
659 2173 755 2231 quam
775 2153 876 2213 trahis
897 2153 977 2214 aeris
999 2157 1128 2212 aurem!

291 2250 402 2310 hocine
423 2271 501 2326 opus
522 2270 684 2312 summum
704 2271 793 2328 posse
813 2251 914 2328 perire
934 2253 1029 2312 rear?

251 2349 338 2426 atqui
358 2349 538 2426 prodierant
558 2348 703 2411 homines
723 2370 806 2410 nova
826 2349 926 2428 gloria
946 2370 1070 2409 rerum:

291 2447 387 2524 inque
409 2448 507 2508 oculis
527 2448 649 2508 caelum
669 2448 758 2526 signo
777 2448 912 2525 petentis
932 2452 1029 2508 orani

251 2544 305 2604 ille
325 2547 383 2606 sub
404 2547 553 2608 hibernos
573 2547 719 2608 volvebat
739 2548 879 2608 carmine
898 2567 1025 2608 cauros:

292 2645 409 2704 struxit
428 2647 461 2704 et
481 2645 516 2704 in
535 2665 633 2706 venne
655 2665 748 2705 auree
767 2646 886 2722 iemplc
905 2665 1019 2722 preces.

252 2743 300 2802 illi
320 2763 438 2803 numen
459 2746 660 2820 Amor-pro
680 2744 784 2804 nescia
804 2744 1093 2820 pectora—visum:

292 2844 437 2920 metuque
457 2862 520 2920 quo
541 2863 647 2902 rerum
667 2844 809 2903 tendered
829 2843 921 2917 orbis,
946 2844 1055 2903 Amor.

252 2960 304 2999 cre
325 2941 392 3000 fero
413 2941 535 3000 Nature
555 2941 634 3016 licei,
658 2941 730 3000 licet
751 2961 854 3019 ungue
875 2943 1003 3000 cruento

294 3039 400 3099 omina
420 3039 592 3115 prodiderit
613 3040 801 3117 Tisiphonea
822 3039 878 3099 dei

254 3137 305 3196 hic
325 3140 431 3197 tamen
452 3157 547 3198 ausus
567 3158 678 3215 emere,
702 3139 769 3214 pati
789 3137 970 3198 discrimine
991 3138 1076 3212 dure,

293 3238 420 3296 strenuo
439 3255 497 3312 pro
517 3237 624 3297 sancia
643 3236 725 3296 bella
744 3256 870 3296 movere
890 3236 959 3296 fide.

254 3334 316 3393 heu
335 3334 430 3395 modo
452 3334 553 3411 qualis
573 3333 629 3394 ubi
647 3337 723 3396 eet?
749 3333 839 3395 siccis
859 3335 942 3411 rapit
962 3337 1067 3394 auster
1086 3334 1237 3394 herenis?

294 3432 561 3510 constrictumque
582 3433 672 3510 gravi
691 3452 783 3493 mons
804 3433 970 3494 adamante
990 3431 1132 3510 premit?

1107 3559 1132 3594 R..
1144 3558 1177 3592 W.
1192 3559 1217 3592 R.
