3052 4496
636 380 851 428 OXONIENSIS

681 659 802 702 ουτω

285 753 362 817 Οἴου
378 753 484 834 ἀρτίως
500 754 642 833 άκούσας,
656 755 784 836 Γρύλλε,
804 759 857 836 τῆς
871 762 979 838 μητρὸς
995 757 1089 840 λόγον

284 906 435 985 μανθάνω·
469 908 510 974 σὺ
531 912 587 990 μέν
609 910 668 992 γὰρ
690 911 764 998 αὐτῇ
786 909 874 975 πάντ’
898 909 1014 991 ἔλεξας,
1036 909 1055 990 ἡ
1078 910 1104 974 δ’
1126 912 1200 992 ἐμοί.

284 1060 446 1143 χρημάτων
468 1063 582 1147 γυναῖκ’
606 1063 653 1146 ἄρ’
676 1063 770 1131 οὕνεκ’
793 1065 828 1130 οὗ
852 1065 891 1128 σύ
913 1065 941 1146 γ’
962 1063 1092 1144 ἄξεσθαι
1115 1067 1224 1146 δοκεῖς,

286 1213 356 1278 ἀλλ’
379 1219 456 1298 ἐρῶν
478 1220 606 1300 ἐρῶσαν,
629 1216 752 1300 ὦνόητε,
775 1218 829 1299 τὴν
851 1224 904 1284 τοῦ
925 1219 1070 1301 γείτονος,

286 1369 341 1450 τὴν
363 1371 413 1453 ἐφ’
436 1374 500 1454 ἱερὰ
523 1373 559 1454 δὴ
583 1372 723 1454 θέουσαν,
745 1375 801 1454 τὴν
823 1375 918 1454 μόνην
941 1376 1035 1441 ὅντως
1058 1371 1176 1454 καλήν;

288 1525 394 1608 μυρίας
414 1526 470 1606 μὲν
492 1527 544 1592 οὖν
566 1526 605 1593 δν
627 1529 720 1610 εύρδυ
741 1529 806 1592 ἴσθι
830 1529 879 1594 καὶ
901 1535 962 1593 τῶν
983 1529 1148 1593 πλουσίων.

286 1678 387 1762 βραχὺ
405 1685 439 1744 τὸ
462 1679 588 1762 κάλλος,
603 1683 707 1764 ὥσπερ
726 1683 827 1752 ἄνθος·
852 1683 1084 1766 ἀπομαραίνεται
1104 1686 1162 1767 γὰρ
1183 1684 1243 1747 οὖν·

287 1835 397 1915 μόνιμα
421 1832 446 1900 δ’
464 1835 501 1899 αὖ
522 1837 560 1901 τὰ
583 1834 710 1922 χρήματ’
732 1839 799 1901 ἐστὶ
823 1837 995 1902 κάπέδωκεν
1018 1839 1050 1903 ἐς
1072 1837 1178 1902 πλέον.
1210 1830 1214 1838 ’

285 1989 326 2071 μὴ
350 1990 439 2075 σύγ’
462 1992 591 2073 αὐθάδης
614 1992 687 2080 γένῃ
709 1991 777 2074 μηδ’
801 1994 915 2070 ἰταμός·
949 1991 968 2072 ἦ
991 1996 1111 2058 πολλὰς
1133 1993 1202 2074 ἐγώ,

287 2145 352 2212 νέος
376 2143 420 2210 ὅτ’
441 2145 468 2226 ἦ,
494 2146 604 2227 ξύνοιδ’
627 2147 741 2232 ἐμαυτῷ
759 2148 901 2230 μείρακος
923 2144 1070 2232 θεωμένῳ·

288 2298 325 2379 ἦν
347 2303 379 2365 δὲ
402 2300 578 2383 Σωκράτους
599 2300 744 2384 μαθητής,
767 2300 800 2368 δς
822 2299 946 2388 παρῄνει
967 2327 1019 2382 μοι
1041 2299 1122 2377 τάδε,

285 2453 326 2535 μή
350 2480 379 2519 τι
401 2462 455 2520 τοῦ
477 2457 611 2521 πλούτου
632 2459 722 2541 χάριν
746 2460 883 2538 γυναῖκα,
905 2455 1058 2520 πλουσίου
1081 2452 1107 2519 δ’
1129 2453 1213 2537 ἄγου.

288 2609 370 2672 ταῦτ’
393 2610 453 2693 ἐγὼ
477 2609 614 2678 πεισθεὶς
635 2612 718 2678 ὅπως
740 2613 887 2695 ἐπέτυχον
909 2607 928 2697 ᾗ
951 2607 1061 2689 ξύνειμ’
1086 2609 1130 2673 έτι
1246 2603 1250 2613 ’

286 2761 389 2851 γῄδιον
412 2760 461 2828 καὶ
484 2769 561 2845 βοῦς
585 2764 698 2853 ἐχούσῃ
722 2767 774 2830 καί
794 2791 823 2830 τι
845 2768 974 2848 χρυσίου
995 2790 1031 2847 γε
1054 2764 1136 2847 πρός,

287 2922 351 2984 πῶς
373 2917 439 3002 ἔχοι
463 2917 594 2984 κάλλους
617 2916 683 2999 ἐμοὶ
704 2922 762 3000 μὲν
784 2919 878 2984 οὐκέτ’
903 2916 1000 3006 εἰσῄει
1024 2922 1159 2993 σκοπεῖν,

289 3079 467 3154 κατοφιλῶν
491 3070 516 3137 δ’
540 3073 662 3156 ἔχαιρον
684 3074 724 3140 ὧς
746 3072 784 3137 ἂν
805 3076 880 3156 μηδὲ
901 3077 956 3155 γρῦ
980 3071 1169 3153 κεκτημένην.

288 3226 358 3290 ἀλλ’
379 3225 457 3311 ἐρᾷς·
484 3226 555 3291 ἀλλ’
573 3226 669 3304 ἔστιν,
685 3223 709 3291 ὦ
723 3225 798 3308 μέλ’,
814 3226 876 3308 ἅμα
898 3229 985 3310 κόρης
1006 3224 1055 3292 καὶ
1075 3226 1245 3311 χρημάτων,

289 3377 338 3444 καὶ
360 3382 461 3445 δικαία
483 3379 520 3461 δὴ
544 3377 682 3463 ξονᾴδειν
702 3379 721 3460 ἡ
745 3379 819 3463 γυνή
842 3378 871 3444 θ’
893 3380 914 3460 ἥ
935 3378 963 3444 τ’
984 3381 1082 3445 οὐσία·

289 3535 354 3600 οἶδα
377 3541 450 3618 γοῦν
473 3535 570 3620 ἔγωγε
592 3535 734 3616 τερφθεὶς
756 3536 793 3616 νὴ
818 3537 869 3599 Δί’
891 3537 1056 3618 ἐπίκληρον
1076 3537 1186 3616 λαβὼν

291 3689 376 3754 οὐδὲν
397 3689 490 3770 ἦττον
514 3691 597 3755 άλλδ
617 3693 739 3769 μᾶλλον
761 3696 825 3757 πῶς
847 3695 944 3758 δοκεῖς
966 3690 1033 3755 ποτ’
1057 3690 1187 3755 εἰκότως.
