3052 4496
511 399 514 407 ·
637 382 852 430 OXONIENSIS

723 683 756 723 LI

284 778 344 838 Illa
364 777 468 855 gravis
489 778 585 837 traxit
606 798 669 838 nox
689 781 722 837 et
743 778 854 839 devota
874 778 992 838 furenti

322 880 423 936 morte
444 877 617 936 saeerdotes
637 876 861 953 fatidicumque
883 896 988 954 genus.

282 995 346 1034 non
366 975 431 1034 iam
451 995 507 1051 per
526 975 628 1050 silvas,
653 994 718 1035 non
738 975 802 1035 iarn
822 975 976 1035 viridante
998 975 1057 1035 sub
1077 977 1188 1036 umbra

321 1073 470 1134 viderunt
490 1073 612 1133 reducis
633 1073 765 1133 eandida
784 1073 925 1133 membra
946 1074 1028 1133 deae.

281 1171 367 1231 venit
387 1171 532 1249 inersque
553 1172 618 1232 dies
639 1175 710 1232 tum
729 1172 869 1248 primum
890 1175 923 1232 et
944 1173 1068 1233 decolor
1088 1176 1179 1246 aetas

321 1270 434 1346 oppida
455 1270 632 1347 conripiens
652 1290 786 1348 ruraque
807 1273 876 1330 tuta
896 1270 966 1330 viis

279 1367 345 1428 vita
365 1369 515 1447 vigorque
535 1369 625 1445 perit,
649 1388 849 1446 gemmasque
869 1389 908 1428 ex
927 1389 1000 1429 vere
1021 1369 1153 1430 reoentis

321 1487 428 1545 aspera
449 1469 619 1544 tempestas
639 1469 760 1527 usserat
780 1469 853 1527 ante
875 1467 966 1529 diem.

277 1565 387 1625 aestivi
408 1585 480 1625 oum
500 1568 586 1641 peste
608 1565 696 1624 sitim
716 1585 792 1626 mox
811 1585 956 1642 spargere
978 1566 1067 1641 soles,

319 1667 404 1724 cocta
424 1683 523 1741 neque
544 1663 690 1724 autumni
711 1683 767 1724 neo
788 1663 850 1723 fuit
870 1665 975 1740 ampla
995 1684 1104 1740 penus.

279 1763 391 1822 elausit
411 1765 443 1823 et
463 1762 609 1822 hibernae
630 1762 714 1822 nivis
734 1762 933 1823 inelementia
952 1763 1082 1840 egentis,

319 1881 439 1938 uvaque
459 1860 622 1936 sordidior,
646 1880 719 1919 oum
739 1861 901 1936 legeretur,
923 1862 999 1921 erat.

280 1978 412 2036 eumque
433 1958 544 2018 ovibus
564 1959 713 2034 conrepta
733 1958 800 2017 lues
821 1959 962 2016 armenta
984 1957 1134 2031 trahebat,

318 2056 401 2132 pisae
422 2058 505 2117 earet
525 2076 595 2116 sero
615 2056 728 2116 oumba
748 2055 874 2114 reducta
895 2055 1034 2116 domum.

279 2175 416 2233 quaeque
436 2156 545 2216 valens
565 2155 667 2215 fuerat
687 2173 744 2213 neo
763 2155 861 2230 ponto
883 2154 1017 2214 obnoxia
1036 2155 1157 2231 puppis,

318 2274 447 2331 spumea
467 2253 621 2331 navifragi
641 2254 705 2313 iarn
726 2253 842 2329 premit
862 2253 910 2312 ira
929 2254 998 2314 sali.

278 2373 392 2431 perque
413 2354 615 2413 tabernarum
635 2352 702 2412 looa
722 2351 836 2411 merois
856 2351 962 2411 inania
983 2373 1081 2429 oaupo

318 2452 454 2527 pallidus
474 2454 506 2511 et
526 2451 610 2510 euris
631 2450 744 2510 anxius
765 2450 830 2510 ibat
851 2451 930 2511 iter:

276 2551 423 2610 horrebat
442 2549 580 2610 tenebris
600 2570 654 2610 aer
673 2549 810 2626 caelique
831 2549 922 2609 ruina

318 2649 503 2727 venturique
524 2648 619 2708 silens
641 2647 761 2726 ingruit
781 2649 893 2708 umbra
914 2648 997 2708 mali.

1142 2759 1168 2794 R.
1181 2759 1204 2792 Ε.

711 3201 757 3242 LII

278 3295 323 3356 Ne
345 3296 387 3356 sit
408 3315 512 3356 amare
532 3296 618 3357 viros
638 3316 738 3373 ouras,
763 3296 929 3374 studioque
950 3297 1058 3371 teneri,

317 3396 469 3472 quotquot
490 3396 607 3455 habent
627 3395 734 3471 oulpas
755 3395 789 3454 ni
810 3395 943 3454 tolerare
964 3396 1057 3456 sedet.

276 3496 325 3553 est
345 3493 400 3553 ubi
419 3513 562 3554 morosos
582 3493 664 3554 livor
685 3494 768 3570 capit
788 3493 914 3553 invidus
933 3494 1007 3554 illos

318 3612 416 3668 quum
437 3592 485 3651 nil
506 3593 588 3670 quod
609 3591 737 3668 proprio
757 3592 825 3651 iure
846 3595 1018 3669 querantur
1039 3593 1163 3652 habent.

278 3693 325 3749 est
345 3690 399 3750 ubi
421 3691 582 3750 demisisse
604 3693 697 3766 caput
717 3690 813 3765 iuvat,
837 3691 945 3768 iraque
965 3690 1060 3750 verba

317 3808 395 3865 quae
417 3789 530 3848 dixisse
550 3789 647 3866 pudet
667 3790 833 3865 postmodo
854 3808 946 3850 saeva
967 3788 1048 3849 iacit.
