3004 4520
609 353 823 403 OXONIENSIS

671 545 766 586 csxlv

256 655 319 716 Cur
339 675 414 716 vero
434 656 469 716 in
489 656 614 717 tristem
635 660 761 735 tempus
782 658 908 718 crudele
928 662 1101 736 tyrannum

296 754 378 814 bella
398 755 498 832 magis
518 755 622 815 valido
642 775 708 816 nen
728 757 811 834 geris
831 756 898 833 ipse
919 759 1039 820 modo?

256 872 275 910 c
296 851 323 912 si
344 853 515 930 decrepitos
535 853 628 914 iacias
648 855 829 915 munimina
848 855 883 915 in
903 875 1003 916 annos

295 950 354 1010 hac
374 951 473 1011 sterili
493 955 601 1012 nostra
619 953 813 1029 prosperiora
833 954 919 1030 lyrai

256 1051 320 1108 stas
339 1050 479 1110 nuncin
500 1069 661 1111 summum
681 1054 790 1112 vectus
811 1052 953 1112 felicibus
973 1052 1066 1128 horis,

294 1150 438 1224 casiaque
457 1148 599 1225 virgineo
620 1149 752 1225 despicis
774 1170 848 1209 arva
868 1149 954 1224 s010;

254 1246 344 1320 casta,
368 1246 423 1306 sed
444 1248 475 1305 ei
495 1246 585 1306 vives
606 1248 753 1323 praebere
773 1247 912 1307 volentia
932 1247 1030 1323 flores

293 1341 424 1420 plusque
445 1343 597 1405 relaturos
618 1365 713 1421 quam
734 1346 900 1406 simulacra
921 1345 977 1407 tui.

252 1440 325 1501 viva
344 1442 443 1519 figura
463 1446 551 1503 tuam
571 1446 694 1521 reparat
714 1445 758 1504 sic
779 1445 912 1521 denique
933 1444 1041 1520 vitem,

293 1541 374 1616 quod
395 1541 513 1601 calamo
532 1545 587 1602 aut
607 1543 722 1602 tabidis
742 1561 793 1602 ars
812 1543 963 1602 hodierne
982 1543 1098 1619 nequit,

252 1658 316 1698 non
336 1638 429 1698 decus
449 1641 622 1714 externum,
646 1659 710 1699 non
730 1640 818 1700 intus
837 1640 982 1700 acumina
1002 1641 1125 1714 mentis,

291 1755 356 1796 non
376 1739 408 1796 tc
428 1737 556 1796 demum
576 1737 646 1796 aliis
666 1757 781 1814 ponere
802 1739 892 1798 docta
911 1738 994 1799 viris

251 1836 283 1892 at
303 1834 405 1894 dando
426 1838 462 1894 tu
482 1838 515 1894 ie
535 1854 648 1910 serves,
672 1835 817 1914 dulcique
839 1856 964 1897 necesse
984 1840 1032 1897 est

291 1935 327 1992 tu
348 1935 435 1993 vivas
456 1953 547 2011 opera
567 1933 708 2012 sculptus
729 1935 768 1995 ab
789 1935 855 2012 ipse
875 1938 939 1996 tua.

1108 2047 1133 2082 A.
1145 2047 1167 2084 ⁴1⁸.
1182 2047 1206 2080 Β.

663 2308 744 2350 CLXV

249 2411 402 2490 Coniugio
422 2412 460 2472 sd
481 2411 607 2488 lectum,
631 2413 721 2474 fessis
740 2413 796 2473 ubi
816 2412 921 2474 debita
942 2413 1092 2475 membris

288 2510 354 2570 otia
373 2514 444 2587 post
464 2511 595 2589 longum
615 2515 703 2589 grata
722 2515 871 2589 parantur
892 2531 989 2587 opus:

248 2628 337 2668 mens
356 2611 463 2669 tamen
483 2610 612 2670 effertur
631 2610 744 2670 studiis
766 2629 894 2688 operosa
913 2609 1053 2672 vicissim

287 2710 319 2767 ei
340 2707 444 2784 posito
464 2711 586 2768 exercet
607 2709 698 2769 corda
718 2709 825 2770 labore
846 2709 942 2768 leber.

247 2824 322 2865 nam
344 2806 449 2883 procul
470 2806 546 2866 hinc
567 2809 675 2885 raptus
696 2807 779 2868 feror
798 2808 833 2866 in
854 2807 1026 2884 longinqua
1046 2806 1198 2884 locorum,

286 2907 318 2964 et
338 2905 390 2981 pia
409 2908 442 2965 te
461 2924 570 2965 versus
591 2926 681 2966 mens
702 2907 873 2966 meditatur
893 2906 970 2966 iter:

246 3021 304 3062 nec
325 3022 395 3063 mea
416 3002 604 3064 clauduntur
624 3004 805 3082 languentia
825 3004 947 3064 lumina
967 3024 1087 3079 somno,

285 3101 414 3179 visaque
436 3123 499 3163 nox
519 3103 618 3162 caecis
639 3103 779 3163 cernitur
798 3107 870 3162 anie
889 3106 1007 3163 torum.

246 3205 279 3260 at
298 3201 384 3262 subit
403 3201 438 3260 in
457 3201 563 3261 visum
584 3201 758 3280 mediisque
780 3201 940 3278 effingitur
958 3201 1081 3262 umbris

286 3300 405 3373 umbra,
429 3300 478 3360 tui
498 3300 600 3377 qualis
621 3301 758 3377 corporis
779 3301 879 3360 instar
899 3301 1001 3361 habet.

245 3397 307 3474 illa,
330 3399 417 3458 velut
438 3399 605 3476 splendens
626 3399 781 3460 horrenda
801 3403 892 3460 nocie
912 3400 1046 3476 lapillus

284 3499 339 3558 dai
358 3500 459 3573 decus,
483 3499 628 3575 antiquae
648 3499 751 3558 noctis
770 3502 803 3559 et
824 3519 877 3559 ora
898 3503 1003 3560 novat.

245 3597 288 3657 sic
309 3617 380 3658 mea
400 3597 543 3657 membra
564 3597 622 3673 dic,
646 3597 691 3656 sic
712 3617 803 3657 mens
822 3599 854 3657 ie
876 3601 966 3658 nocie
987 3595 1149 3675 requirens

285 3700 406 3757 aestuat
426 3695 556 3757 alternis
576 3695 744 3773 irrequieta
764 3695 865 3756 malis.
1070 3789 1088 3824 Δ
1108 3789 1121 3824 J
1141 3789 1158 3822 s

285 3871 310 3917 17
