<?xml version="1.0" encoding="UTF-8"?>
<!DOCTYPE html PUBLIC "-//W3C//DTD XHTML 1.0 Transitional//EN"
    "http://www.w3.org/TR/xhtml1/DTD/xhtml1-transitional.dtd">
<html xmlns="http://www.w3.org/1999/xhtml" xml:lang="en" lang="en">
 <head>
  <title>
</title>
<meta http-equiv="Content-Type" content="text/html;charset=utf-8" />
  <meta name='ocr-system' content='tesseract 3.04.00' />
  <meta name='ocr-capabilities' content='ocr_page ocr_carea ocr_par ocr_line ocrx_word'/>
</head>
<body>
  <div class='ocr_page' id='page_1' title='image "./novaanthologiao01godlgoog/novaanthologiao01godlgoog_0285.png"; bbox 0 0 3004 4520; ppageno 0'>
   <div class='ocr_carea' id='block_1_1' title="bbox 604 354 819 403">
    <p class='ocr_par' dir='ltr' id='par_1_1' title="bbox 604 354 819 403">
     <span class='ocr_line' id='line_1_1' title="bbox 604 354 819 403; baseline 0.005 -2"><span class='ocrx_word' id='word_1_1' title='bbox 604 354 819 403; x_wconf 86' lang='lat' dir='ltr'>OXONIENSIS</span> 
     </span>
    </p>
   </div>
   <div class='ocr_carea' id='block_1_2' title="bbox 656 659 764 700">
    <p class='ocr_par' dir='ltr' id='par_1_2' title="bbox 656 659 764 700">
     <span class='ocr_line' id='line_1_2' title="bbox 656 659 764 700; baseline -0.009 0"><span class='ocrx_word' id='word_1_2' title='bbox 656 659 764 700; x_wconf 83' lang='lat' dir='ltr'>CLXXII</span> 
     </span>
    </p>
   </div>
   <div class='ocr_carea' id='block_1_3' title="bbox 250 741 1185 2205">
    <p class='ocr_par' dir='ltr' id='par_1_3' title="bbox 255 741 1185 926">
     <span class='ocr_line' id='line_1_3' title="bbox 255 741 1185 830; baseline 0.008 -22"><span class='ocrx_word' id='word_1_3' title='bbox 255 749 369 809; x_wconf 79' lang='lat' dir='ltr'>Noster</span> <span class='ocrx_word' id='word_1_4' title='bbox 387 752 455 810; x_wconf 71' lang='lat' dir='ltr'>erat</span> <span class='ocrx_word' id='word_1_5' title='bbox 475 741 575 810; x_wconf 83' lang='lat' dir='ltr'>terrae</span> <span class='ocrx_word' id='word_1_6' title='bbox 596 771 752 829; x_wconf 84' lang='lat' dir='ltr'><strong>nusquam</strong></span> <span class='ocrx_word' id='word_1_7' title='bbox 773 755 809 811; x_wconf 81' lang='lat' dir='ltr'>ut</span> <span class='ocrx_word' id='word_1_8' title='bbox 830 752 930 829; x_wconf 83' lang='lat' dir='ltr'>magis</span> <span class='ocrx_word' id='word_1_9' title='bbox 950 753 1029 813; x_wconf 81' lang='lat' dir='ltr'>alter</span> <span class='ocrx_word' id='word_1_10' title='bbox 1048 755 1185 830; x_wconf 79' lang='lat' dir='ltr'>amicus3</span> 
     </span>
     <span class='ocr_line' id='line_1_4' title="bbox 294 847 964 926; baseline 0.006 -20"><span class='ocrx_word' id='word_1_11' title='bbox 294 847 399 908; x_wconf 73' lang='lat' dir='ltr'>iunxit</span> <span class='ocrx_word' id='word_1_12' title='bbox 419 868 477 907; x_wconf 89' lang='lat' dir='ltr'>nos</span> <span class='ocrx_word' id='word_1_13' title='bbox 497 849 601 909; x_wconf 80' lang='lat' dir='ltr'>valido</span> <span class='ocrx_word' id='word_1_14' title='bbox 622 850 743 910; x_wconf 89' lang='lat' dir='ltr'>foedere</span> <span class='ocrx_word' id='word_1_15' title='bbox 765 851 852 910; x_wconf 87' lang='lat' dir='ltr'>sidus</span> <span class='ocrx_word' id='word_1_16' title='bbox 873 851 964 926; x_wconf 91' lang='lat' dir='ltr'>idem,</span> 
     </span>
    </p>

    <p class='ocr_par' dir='ltr' id='par_1_4' title="bbox 253 946 1091 1121">
     <span class='ocr_line' id='line_1_5' title="bbox 253 946 1091 1026; baseline 0.007 -22"><span class='ocrx_word' id='word_1_17' title='bbox 253 966 309 1006; x_wconf 91' lang='lat' dir='ltr'>nec</span> <span class='ocrx_word' id='word_1_18' title='bbox 329 946 391 1006; x_wconf 72' lang='lat' dir='ltr'>fuit</span> <span class='ocrx_word' id='word_1_19' title='bbox 411 946 547 1007; x_wconf 79' lang='lat' dir='ltr'>invidiae</span> <span class='ocrx_word' id='word_1_20' title='bbox 569 948 658 1008; x_wconf 87' lang='lat' dir='ltr'>nobis</span> <span class='ocrx_word' id='word_1_21' title='bbox 680 950 884 1026; x_wconf 91' lang='lat' dir='ltr'>quodcunque</span> <span class='ocrx_word' id='word_1_22' title='bbox 904 970 960 1025; x_wconf 89' lang='lat' dir='ltr'>per</span> <span class='ocrx_word' id='word_1_23' title='bbox 979 969 1091 1012; x_wconf 76' lang='lat' dir='ltr'>sevum</span> 
     </span>
     <span class='ocr_line' id='line_1_6' title="bbox 292 1044 870 1121; baseline 0.007 -19"><span class='ocrx_word' id='word_1_24' title='bbox 292 1044 416 1121; x_wconf 84' lang='lat' dir='ltr'>insigne</span> <span class='ocrx_word' id='word_1_25' title='bbox 436 1046 485 1104; x_wconf 73' lang='lat' dir='ltr'>est</span> <span class='ocrx_word' id='word_1_26' title='bbox 505 1046 567 1105; x_wconf 84' lang='lat' dir='ltr'>fida</span> <span class='ocrx_word' id='word_1_27' title='bbox 588 1066 704 1105; x_wconf 87' lang='lat' dir='ltr'>nomen</span> <span class='ocrx_word' id='word_1_28' title='bbox 725 1047 870 1107; x_wconf 75' lang='lat' dir='ltr'>amicitia.</span> 
     </span>
    </p>

    <p class='ocr_par' dir='ltr' id='par_1_5' title="bbox 253 1129 1014 1320">
     <span class='ocr_line' id='line_1_7' title="bbox 253 1129 1014 1206; baseline 0.007 -5"><span class='ocrx_word' id='word_1_29' title='bbox 253 1145 382 1202; x_wconf 72' lang='lat' dir='ltr'>noverat</span> <span class='ocrx_word' id='word_1_30' title='bbox 397 1129 453 1202; x_wconf 86' lang='lat' dir='ltr'>¹hic</span> <span class='ocrx_word' id='word_1_31' title='bbox 473 1144 558 1203; x_wconf 87' lang='lat' dir='ltr'>solus</span> <span class='ocrx_word' id='word_1_32' title='bbox 579 1145 690 1204; x_wconf 79' lang='lat' dir='ltr'>fratres</span> <span class='ocrx_word' id='word_1_33' title='bbox 710 1148 742 1205; x_wconf 81' lang='lat' dir='ltr'>et</span> <span class='ocrx_word' id='word_1_34' title='bbox 763 1146 855 1205; x_wconf 78' lang='lat' dir='ltr'>corde</span> <span class='ocrx_word' id='word_1_35' title='bbox 870 1166 1014 1206; x_wconf 87' lang='lat' dir='ltr'>sororum</span> 
     </span>
     <span class='ocr_line' id='line_1_8' title="bbox 293 1242 1014 1320; baseline 0.008 -21"><span class='ocrx_word' id='word_1_36' title='bbox 293 1260 371 1316; x_wconf 86' lang='lat' dir='ltr'>quos</span> <span class='ocrx_word' id='word_1_37' title='bbox 391 1242 463 1317; x_wconf 86' lang='lat' dir='ltr'>pius</span> <span class='ocrx_word' id='word_1_38' title='bbox 484 1245 515 1301; x_wconf 74' lang='lat' dir='ltr'>ei</span> <span class='ocrx_word' id='word_1_39' title='bbox 536 1244 644 1301; x_wconf 73' lang='lat' dir='ltr'>nostro</span> <span class='ocrx_word' id='word_1_40' title='bbox 665 1242 773 1303; x_wconf 73' lang='lat' dir='ltr'>mallet</span> <span class='ocrx_word' id='word_1_41' title='bbox 793 1263 898 1304; x_wconf 84' lang='lat' dir='ltr'>amore</span> <span class='ocrx_word' id='word_1_42' title='bbox 919 1265 1014 1320; x_wconf 87' lang='lat' dir='ltr'>puer;</span> 
     </span>
    </p>

    <p class='ocr_par' dir='ltr' id='par_1_6' title="bbox 251 1337 1042 1516">
     <span class='ocr_line' id='line_1_9' title="bbox 251 1337 1042 1417; baseline 0.008 -21"><span class='ocrx_word' id='word_1_43' title='bbox 251 1337 296 1397; x_wconf 88' lang='lat' dir='ltr'>sic</span> <span class='ocrx_word' id='word_1_44' title='bbox 316 1359 439 1417; x_wconf 89' lang='lat' dir='ltr'>quoque</span> <span class='ocrx_word' id='word_1_45' title='bbox 461 1341 626 1400; x_wconf 83' lang='lat' dir='ltr'>concordes</span> <span class='ocrx_word' id='word_1_46' title='bbox 648 1341 754 1401; x_wconf 84' lang='lat' dir='ltr'>animo</span> <span class='ocrx_word' id='word_1_47' title='bbox 775 1341 958 1402; x_wconf 82' lang='lat' dir='ltr'><strong>duravimus</strong></span> <span class='ocrx_word' id='word_1_48' title='bbox 979 1363 1042 1402; x_wconf 90' lang='lat' dir='ltr'>uno</span> 
     </span>
     <span class='ocr_line' id='line_1_10' title="bbox 290 1436 1001 1516; baseline 0.008 -22"><span class='ocrx_word' id='word_1_49' title='bbox 290 1436 411 1513; x_wconf 77' lang='lat' dir='ltr'>istaque</span> <span class='ocrx_word' id='word_1_50' title='bbox 434 1439 525 1498; x_wconf 79' lang='lat' dir='ltr'>turba</span> <span class='ocrx_word' id='word_1_51' title='bbox 545 1439 614 1514; x_wconf 90' lang='lat' dir='ltr'>ipso</span> <span class='ocrx_word' id='word_1_52' title='bbox 635 1458 686 1498; x_wconf 92' lang='lat' dir='ltr'>me</span> <span class='ocrx_word' id='word_1_53' title='bbox 706 1439 788 1498; x_wconf 91' lang='lat' dir='ltr'>mihi</span> <span class='ocrx_word' id='word_1_54' title='bbox 808 1439 906 1516; x_wconf 88' lang='lat' dir='ltr'>pluris</span> <span class='ocrx_word' id='word_1_55' title='bbox 927 1444 1001 1501; x_wconf 78' lang='lat' dir='ltr'>erat.</span> 
     </span>
    </p>

    <p class='ocr_par' dir='ltr' id='par_1_7' title="bbox 250 1537 1018 1711">
     <span class='ocr_line' id='line_1_11' title="bbox 250 1537 1018 1614; baseline 0.008 -20"><span class='ocrx_word' id='word_1_56' title='bbox 250 1555 307 1594; x_wconf 85' lang='lat' dir='ltr'>vos</span> <span class='ocrx_word' id='word_1_57' title='bbox 327 1537 445 1596; x_wconf 76' lang='lat' dir='ltr'>aeterni</span> <span class='ocrx_word' id='word_1_58' title='bbox 465 1537 555 1614; x_wconf 89' lang='lat' dir='ltr'>ignes</span> <span class='ocrx_word' id='word_1_59' title='bbox 575 1540 607 1597; x_wconf 75' lang='lat' dir='ltr'>et</span> <span class='ocrx_word' id='word_1_60' title='bbox 628 1537 750 1597; x_wconf 80' lang='lat' dir='ltr'>conscia</span> <span class='ocrx_word' id='word_1_61' title='bbox 771 1537 892 1597; x_wconf 81' lang='lat' dir='ltr'>lumina</span> <span class='ocrx_word' id='word_1_62' title='bbox 913 1541 1018 1614; x_wconf 72' lang='lat' dir='ltr'>testor,</span> 
     </span>
     <span class='ocr_line' id='line_1_12' title="bbox 291 1635 858 1711; baseline 0.002 -17"><span class='ocrx_word' id='word_1_63' title='bbox 291 1655 353 1694; x_wconf 84' lang='lat' dir='ltr'>nox</span> <span class='ocrx_word' id='word_1_64' title='bbox 373 1635 537 1695; x_wconf 78' lang='lat' dir='ltr'>indefessis</span> <span class='ocrx_word' id='word_1_65' title='bbox 557 1635 679 1711; x_wconf 81' lang='lat' dir='ltr'>saepius</span> <span class='ocrx_word' id='word_1_66' title='bbox 701 1639 769 1694; x_wconf 80' lang='lat' dir='ltr'>acta</span> <span class='ocrx_word' id='word_1_67' title='bbox 790 1636 858 1710; x_wconf 76' lang='lat' dir='ltr'>fuit,</span> 
     </span>
    </p>

    <p class='ocr_par' dir='ltr' id='par_1_8' title="bbox 250 1733 1050 1909">
     <span class='ocr_line' id='line_1_13' title="bbox 250 1733 1050 1810; baseline 0.008 -21"><span class='ocrx_word' id='word_1_68' title='bbox 250 1733 286 1790; x_wconf 74' lang='lat' dir='ltr'>ut</span> <span class='ocrx_word' id='word_1_69' title='bbox 306 1733 417 1792; x_wconf 72' lang='lat' dir='ltr'>fratres</span> <span class='ocrx_word' id='word_1_70' title='bbox 439 1733 586 1807; x_wconf 80' lang='lat' dir='ltr'>Helenae,</span> <span class='ocrx_word' id='word_1_71' title='bbox 611 1733 728 1791; x_wconf 78' lang='lat' dir='ltr'>laudati</span> <span class='ocrx_word' id='word_1_72' title='bbox 748 1734 907 1810; x_wconf 80' lang='lat' dir='ltr'>exemplar</span> <span class='ocrx_word' id='word_1_73' title='bbox 926 1735 1050 1809; x_wconf 66' lang='lat' dir='ltr'>emeris</span> 
     </span>
     <span class='ocr_line' id='line_1_14' title="bbox 290 1831 938 1909; baseline 0.005 -19"><span class='ocrx_word' id='word_1_74' title='bbox 290 1831 397 1890; x_wconf 80' lang='lat' dir='ltr'>mirati</span> <span class='ocrx_word' id='word_1_75' title='bbox 417 1831 562 1890; x_wconf 73' lang='lat' dir='ltr'>steterint</span> <span class='ocrx_word' id='word_1_76' title='bbox 580 1831 841 1909; x_wconf 86' lang='lat' dir='ltr'>immemoresque</span> <span class='ocrx_word' id='word_1_77' title='bbox 861 1833 938 1893; x_wconf 83' lang='lat' dir='ltr'>vice.</span> 
     </span>
    </p>

    <p class='ocr_par' dir='ltr' id='par_1_9' title="bbox 251 1929 1093 2103">
     <span class='ocr_line' id='line_1_15' title="bbox 251 1929 1093 2006; baseline 0.005 -19"><span class='ocrx_word' id='word_1_78' title='bbox 251 1929 391 2004; x_wconf 81' lang='lat' dir='ltr'>tempora</span> <span class='ocrx_word' id='word_1_79' title='bbox 412 1949 469 1988; x_wconf 85' lang='lat' dir='ltr'>neo</span> <span class='ocrx_word' id='word_1_80' title='bbox 490 1929 581 2006; x_wconf 88' lang='lat' dir='ltr'>nugis</span> <span class='ocrx_word' id='word_1_81' title='bbox 601 1929 755 1988; x_wconf 89' lang='lat' dir='ltr'>Venerive</span> <span class='ocrx_word' id='word_1_82' title='bbox 776 1950 901 1990; x_wconf 88' lang='lat' dir='ltr'>merove</span> <span class='ocrx_word' id='word_1_83' title='bbox 922 1932 1075 1991; x_wconf 71' lang='lat' dir='ltr'>vacabant</span> <span class='ocrx_word' id='word_1_84' title='bbox 1086 1955 1093 2006; x_wconf 91' lang='lat'>;</span> 
     </span>
     <span class='ocr_line' id='line_1_16' title="bbox 291 2026 910 2103; baseline 0.002 -16"><span class='ocrx_word' id='word_1_85' title='bbox 291 2027 455 2087; x_wconf 81' lang='lat' dir='ltr'>Socraticis</span> <span class='ocrx_word' id='word_1_86' title='bbox 477 2026 589 2086; x_wconf 66' lang='lat' dir='ltr'>studiis</span> <span class='ocrx_word' id='word_1_87' title='bbox 610 2047 673 2086; x_wconf 90' lang='lat' dir='ltr'>nox</span> <span class='ocrx_word' id='word_1_88' title='bbox 694 2047 821 2103; x_wconf 84' lang='lat' dir='ltr'>operosa</span> <span class='ocrx_word' id='word_1_89' title='bbox 842 2028 910 2089; x_wconf 73' lang='lat' dir='ltr'>fuit.</span> 
     </span>
    </p>

    <p class='ocr_par' dir='ltr' id='par_1_10' title="bbox 250 2125 1096 2205">
     <span class='ocr_line' id='line_1_17' title="bbox 250 2125 1096 2205; baseline 0.007 -23"><span class='ocrx_word' id='word_1_90' title='bbox 250 2144 340 2184; x_wconf 84' lang='lat' dir='ltr'>musa</span> <span class='ocrx_word' id='word_1_91' title='bbox 360 2125 441 2185; x_wconf 83' lang='lat' dir='ltr'>sales</span> <span class='ocrx_word' id='word_1_92' title='bbox 461 2126 598 2199; x_wconf 78' lang='lat' dir='ltr'>aderent,</span> <span class='ocrx_word' id='word_1_93' title='bbox 623 2125 714 2186; x_wconf 84' lang='lat' dir='ltr'>vivae</span> <span class='ocrx_word' id='word_1_94' title='bbox 734 2129 765 2185; x_wconf 82' lang='lat' dir='ltr'>et</span> <span class='ocrx_word' id='word_1_95' title='bbox 787 2126 932 2186; x_wconf 80' lang='lat' dir='ltr'>facundia</span> <span class='ocrx_word' id='word_1_96' title='bbox 952 2127 1096 2205; x_wconf 79' lang='lat' dir='ltr'>linguee;</span> 
     </span>
    </p>
   </div>
   <div class='ocr_carea' id='block_1_4' title="bbox 291 2223 1211 2374">
    <p class='ocr_par' dir='ltr' id='par_1_11' title="bbox 291 2223 1211 2374">
     <span class='ocr_line' id='line_1_18' title="bbox 291 2223 1002 2285; baseline 0.004 -3"><span class='ocrx_word' id='word_1_97' title='bbox 291 2243 394 2283; x_wconf 90' lang='lat' dir='ltr'>nonne</span> <span class='ocrx_word' id='word_1_98' title='bbox 415 2223 492 2283; x_wconf 73' lang='lat' dir='ltr'>artis</span> <span class='ocrx_word' id='word_1_99' title='bbox 513 2224 645 2284; x_wconf 87' lang='lat' dir='ltr'>colerem</span> <span class='ocrx_word' id='word_1_100' title='bbox 666 2223 767 2283; x_wconf 88' lang='lat' dir='ltr'>dulcis</span> <span class='ocrx_word' id='word_1_101' title='bbox 786 2224 885 2284; x_wconf 85' lang='lat' dir='ltr'>amice</span> <span class='ocrx_word' id='word_1_102' title='bbox 907 2228 1002 2285; x_wconf 79' lang='lat' dir='ltr'>tuas?</span> 
     </span>
     <span class='ocr_line' id='line_1_19' title="bbox 1101 2338 1211 2374; baseline 0.018 -2"><span class='ocrx_word' id='word_1_103' title='bbox 1101 2339 1124 2373; x_wconf 77' lang='lat' dir='ltr'>F.</span> <span class='ocrx_word' id='word_1_104' title='bbox 1138 2338 1173 2372; x_wconf 81' lang='lat' dir='ltr'>DE</span> <span class='ocrx_word' id='word_1_105' title='bbox 1186 2339 1211 2374; x_wconf 88' lang='lat' dir='ltr'>P.</span> 
     </span>
    </p>
   </div>
   <div class='ocr_carea' id='block_1_5' title="bbox 251 2613 1104 3080">
    <p class='ocr_par' dir='ltr' id='par_1_12' title="bbox 251 2613 1104 3080">
     <span class='ocr_line' id='line_1_20' title="bbox 647 2613 769 2654; baseline -0.008 0"><span class='ocrx_word' id='word_1_106' title='bbox 647 2613 769 2654; x_wconf 84' lang='lat' dir='ltr'>cnxxnr</span> 
     </span>
     <span class='ocr_line' id='line_1_21' title="bbox 251 2707 1080 2786; baseline 0.004 -18"><span class='ocrx_word' id='word_1_107' title='bbox 251 2709 318 2784; x_wconf 78' lang='lat' dir='ltr'>Qua</span> <span class='ocrx_word' id='word_1_108' title='bbox 339 2708 439 2769; x_wconf 79' lang='lat' dir='ltr'>stellis</span> <span class='ocrx_word' id='word_1_109' title='bbox 460 2708 568 2768; x_wconf 87' lang='lat' dir='ltr'>lucens</span> <span class='ocrx_word' id='word_1_110' title='bbox 588 2707 650 2769; x_wconf 77' lang='lat' dir='ltr'>late</span> <span class='ocrx_word' id='word_1_111' title='bbox 672 2711 759 2785; x_wconf 75' lang='lat' dir='ltr'>patei</span> <span class='ocrx_word' id='word_1_112' title='bbox 779 2710 896 2785; x_wconf 73' lang='lat' dir='ltr'>aethra,</span> <span class='ocrx_word' id='word_1_113' title='bbox 919 2710 1080 2786; x_wconf 75' lang='lat' dir='ltr'>sepultum</span> 
     </span>
     <span class='ocr_line' id='line_1_22' title="bbox 290 2806 1007 2884; baseline 0.001 -17"><span class='ocrx_word' id='word_1_114' title='bbox 290 2807 404 2884; x_wconf 74' lang='lat' dir='ltr'>ponite,</span> <span class='ocrx_word' id='word_1_115' title='bbox 429 2807 480 2866; x_wconf 88' lang='lat' dir='ltr'>cni</span> <span class='ocrx_word' id='word_1_116' title='bbox 500 2807 619 2883; x_wconf 73' lang='lat' dir='ltr'>placuit</span> <span class='ocrx_word' id='word_1_117' title='bbox 640 2806 706 2867; x_wconf 79' lang='lat' dir='ltr'>vita</span> <span class='ocrx_word' id='word_1_118' title='bbox 726 2808 886 2883; x_wconf 71' lang='lat' dir='ltr'>placeique</span> <span class='ocrx_word' id='word_1_119' title='bbox 907 2809 1007 2869; x_wconf 89' lang='lat' dir='ltr'>mori:</span> 
     </span>
     <span class='ocr_line' id='line_1_23' title="bbox 253 2905 1104 2983; baseline 0.001 -17"><span class='ocrx_word' id='word_1_120' title='bbox 253 2906 357 2966; x_wconf 79' lang='lat' dir='ltr'>‘venit</span> <span class='ocrx_word' id='word_1_121' title='bbox 377 2925 438 2982; x_wconf 92' lang='lat' dir='ltr'>quo</span> <span class='ocrx_word' id='word_1_122' title='bbox 459 2905 583 2980; x_wconf 79' lang='lat' dir='ltr'>voluit‚’</span> <span class='ocrx_word' id='word_1_123' title='bbox 605 2925 680 2966; x_wconf 82' lang='lat' dir='ltr'>saxo</span> <span class='ocrx_word' id='word_1_124' title='bbox 701 2906 778 2966; x_wconf 82' lang='lat' dir='ltr'>haec</span> <span class='ocrx_word' id='word_1_125' title='bbox 799 2906 973 2983; x_wconf 72' lang='lat' dir='ltr'>insculpite‚</span> <span class='ocrx_word' id='word_1_126' title='bbox 1000 2908 1104 2968; x_wconf 79' lang='lat' dir='ltr'>‘venit</span> 
     </span>
     <span class='ocr_line' id='line_1_24' title="bbox 289 3003 1062 3080; baseline 0.001 -17"><span class='ocrx_word' id='word_1_127' title='bbox 289 3004 327 3064; x_wconf 89' lang='lat' dir='ltr'>de</span> <span class='ocrx_word' id='word_1_128' title='bbox 348 3003 420 3064; x_wconf 88' lang='lat' dir='ltr'>nive</span> <span class='ocrx_word' id='word_1_129' title='bbox 440 3007 579 3078; x_wconf 77' lang='lat' dir='ltr'>venator,</span> <span class='ocrx_word' id='word_1_130' title='bbox 602 3004 773 3080; x_wconf 70' lang='lat' dir='ltr'>postfredo</span> <span class='ocrx_word' id='word_1_131' title='bbox 794 3007 890 3064; x_wconf 78' lang='lat' dir='ltr'>naute</span> <span class='ocrx_word' id='word_1_132' title='bbox 910 3004 1062 3066; x_wconf 86' lang='lat' dir='ltr'>domum&#39;</span> 
     </span>
    </p>
   </div>
   <div class='ocr_carea' id='block_1_6' title="bbox 249 3161 537 3222">
    <p class='ocr_par' dir='ltr' id='par_1_13' title="bbox 249 3161 537 3222">
     <span class='ocr_line' id='line_1_25' title="bbox 249 3161 537 3222; baseline 0.003 -1"><span class='ocrx_word' id='word_1_133' title='bbox 249 3161 340 3221; x_wconf 91' lang='lat' dir='ltr'>Idem</span> <span class='ocrx_word' id='word_1_134' title='bbox 361 3162 476 3222; x_wconf 80' lang='lat' dir='ltr'>Graece</span> <span class='ocrx_word' id='word_1_135' title='bbox 488 3183 537 3222; x_wconf 89' lang='lat'>:—</span> 
     </span>
    </p>
   </div>
   <div class='ocr_carea' id='block_1_7' title="bbox 251 3273 1193 3667">
    <p class='ocr_par' dir='ltr' id='par_1_14' title="bbox 251 3273 1112 3463">
     <span class='ocr_line' id='line_1_26' title="bbox 251 3273 1112 3358; baseline 0.005 -20"><span class='ocrx_word' id='word_1_136' title='bbox 251 3273 438 3357; x_wconf 86' lang='grc' dir='ltr'>Ἀστροφαεῖ</span> <span class='ocrx_word' id='word_1_137' title='bbox 458 3277 561 3353; x_wconf 80' lang='grc' dir='ltr'>κοίτην</span> <span class='ocrx_word' id='word_1_138' title='bbox 581 3299 631 3354; x_wconf 95' lang='grc' dir='ltr'>μοι</span> <span class='ocrx_word' id='word_1_139' title='bbox 653 3273 703 3340; x_wconf 82' lang='grc' dir='ltr'>ὑπ’</span> <span class='ocrx_word' id='word_1_140' title='bbox 725 3273 819 3356; x_wconf 78' lang='grc' dir='ltr'>αἰθέρι</span> <span class='ocrx_word' id='word_1_141' title='bbox 842 3273 967 3353; x_wconf 60' lang='grc' dir='ltr'>ηὔξαθ’,</span> <span class='ocrx_word' id='word_1_142' title='bbox 990 3279 1112 3358; x_wconf 80' lang='grc' dir='ltr'>ἑταῖροι,</span> 
     </span>
     <span class='ocr_line' id='line_1_27' title="bbox 295 3377 962 3463; baseline 0.004 -23"><span class='ocrx_word' id='word_1_143' title='bbox 295 3377 327 3445; x_wconf 83' lang='grc' dir='ltr'>ὃς</span> <span class='ocrx_word' id='word_1_144' title='bbox 349 3378 510 3463; x_wconf 83' lang='grc' dir='ltr'>χαίροντ’</span> <span class='ocrx_word' id='word_1_145' title='bbox 533 3378 608 3456; x_wconf 80' lang='grc' dir='ltr'>ἔζων</span> <span class='ocrx_word' id='word_1_146' title='bbox 632 3379 701 3442; x_wconf 85' lang='grc' dir='ltr'>κούκ</span> <span class='ocrx_word' id='word_1_147' title='bbox 725 3379 821 3442; x_wconf 80' lang='grc' dir='ltr'>ἀέκων</span> <span class='ocrx_word' id='word_1_148' title='bbox 844 3379 962 3443; x_wconf 77' lang='grc' dir='ltr'>ἔθανον·</span> 
     </span>
    </p>

    <p class='ocr_par' dir='ltr' id='par_1_15' title="bbox 251 3480 1193 3667">
     <span class='ocr_line' id='line_1_28' title="bbox 251 3480 1193 3568; baseline 0.004 -24"><span class='ocrx_word' id='word_1_149' title='bbox 251 3480 390 3563; x_wconf 77' lang='grc' dir='ltr'>γράψατε</span> <span class='ocrx_word' id='word_1_150' title='bbox 412 3481 437 3545; x_wconf 84' lang='grc' dir='ltr'>δ’</span> <span class='ocrx_word' id='word_1_151' title='bbox 459 3482 491 3546; x_wconf 76' lang='grc' dir='ltr'>ἓν</span> <span class='ocrx_word' id='word_1_152' title='bbox 511 3482 615 3568; x_wconf 83' lang='grc' dir='ltr'>τύμβῳ</span> <span class='ocrx_word' id='word_1_153' title='bbox 638 3481 698 3547; x_wconf 84' lang='grc' dir='ltr'>τόδ’</span> <span class='ocrx_word' id='word_1_154' title='bbox 720 3482 801 3548; x_wconf 81' lang='grc' dir='ltr'>ἔπος·</span> <span class='ocrx_word' id='word_1_155' title='bbox 831 3484 958 3562; x_wconf 69' lang='lat' dir='ltr'>‘cadmo</span> <span class='ocrx_word' id='word_1_156' title='bbox 980 3482 1079 3561; x_wconf 82' lang='grc' dir='ltr'>λιμέν’</span> <span class='ocrx_word' id='word_1_157' title='bbox 1101 3486 1193 3566; x_wconf 80' lang='grc' dir='ltr'>εὑρὼν</span> 
     </span>
     <span class='ocr_line' id='line_1_29' title="bbox 295 3584 912 3667; baseline 0.003 -19"><span class='ocrx_word' id='word_1_158' title='bbox 295 3589 403 3665; x_wconf 85' lang='grc' dir='ltr'>κεῖμαι·</span> <span class='ocrx_word' id='word_1_159' title='bbox 433 3584 576 3666; x_wconf 79' lang='grc' dir='ltr'>θηρευτὴς</span> <span class='ocrx_word' id='word_1_160' title='bbox 599 3584 635 3666; x_wconf 76' lang='grc' dir='ltr'>ἐξ</span> <span class='ocrx_word' id='word_1_161' title='bbox 655 3588 739 3667; x_wconf 83' lang='grc' dir='ltr'>ὄρεος</span> <span class='ocrx_word' id='word_1_162' title='bbox 763 3584 912 3667; x_wconf 82' lang='grc' dir='ltr'>κατέβην.’</span> 
     </span>
    </p>
   </div>
   <div class='ocr_carea' id='block_1_8' title="bbox 1023 3684 1204 3742">
    <p class='ocr_par' dir='ltr' id='par_1_16' title="bbox 1023 3684 1204 3742">
     <span class='ocr_line' id='line_1_30' title="bbox 1023 3684 1204 3742; baseline 0.028 -5"><span class='ocrx_word' id='word_1_163' title='bbox 1023 3684 1026 3694; x_wconf 82' lang='lat'>&#39;</span> <span class='ocrx_word' id='word_1_164' title='bbox 1094 3704 1204 3742; x_wconf 56' lang='lat' dir='ltr'>wasa.</span> 
     </span>
    </p>
   </div>
   <div class='ocr_carea' id='block_1_9' title="bbox 0 0 1506 4520">
    <p class='ocr_par' dir='ltr' id='par_1_17' title="bbox 0 0 1506 4520">
     <span class='ocr_line' id='line_1_31' title="bbox 0 0 1506 4520; baseline 0 8"><span class='ocrx_word' id='word_1_165' title='bbox 0 0 1506 4520; x_wconf 95' lang='lat' dir='ltr'> </span> 
     </span>
    </p>
   </div>
  </div>
 </body>
</html>
