3004 4520
617 370 833 446 ox'ommsm
990 373 992 380 '
1077 449 1080 454 ,
1167 401 1227 462 235

306 574 407 631 nuper
426 554 512 614 enim
532 553 608 617 misi
629 574 750 615 roseam
770 555 837 630 tibi,
860 556 999 633 pulchre,
1023 575 1177 632 eoronam,

346 672 411 712 non
432 655 468 712 ut
488 653 590 713 honos
610 654 738 713 tantum
757 654 902 731 glisceret
921 653 994 714 inde
1015 654 1081 729 tibi,

305 754 459 827 quantum
479 771 533 828 spe
554 751 688 829 proprie,
711 751 740 811 si
757 752 839 812 forte
858 752 1025 813 viresceret
1043 753 1106 829 ills,

345 849 406 908 isto
426 869 492 909 non
512 870 652 926 unquam
673 849 810 909 marcida
829 849 910 910 faeta
931 850 1006 910 loeo.

304 951 340 1007 tu
360 948 459 1007 semel
478 948 613 1024 inspiras
632 948 876 1025 inspiratamque
897 949 1049 1010 remittis:

344 1046 404 1106 hoe
425 1046 555 1106 redeunt
575 1047 614 1106 ed
634 1067 693 1106 nos
713 1066 844 1106 munera
864 1050 973 1108 nostra
992 1049 1094 1108 modo.

303 1145 377 1204 inde
398 1164 504 1204 reeens
524 1145 607 1206 viret
626 1148 719 1222 atque
740 1145 840 1205 alium
859 1147 1013 1206 mentitur
1032 1147 1178 1222 odorem;

344 1263 403 1303 nee
423 1263 455 1303 se
475 1243 576 1321 ipsam
596 1245 649 1305 sed
670 1246 709 1320 te,
734 1248 773 1317 te,
797 1245 877 1304 mihi
899 1246 994 1323 erede,
1019 1246 1120 1308 refert.

1000 1357 1023 1392 0.
1036 1357 1065 1393 11.
1078 1358 1113 1394 81⁸.
1126 1359 1151 1393 L.
1161 1359 1188 1394 B.

672 1915 768 1958 cmx

308 2016 371 2076 Φεῦ
393 2017 494 2076 δειλὸν
517 2012 599 2092 ἦθος·
627 2016 760 2095 χρηστὸς
782 2011 834 2075 οὐκ
857 2009 902 2093 ἄρ’
926 2010 993 2091 ἦσθ’
1015 2009 1097 2092 ἀνήρ,

308 2116 433 2196 προδούς
454 2115 484 2194 μ’
504 2117 638 2182 ἀπίστως
662 2115 774 2180 κούκέτ’
796 2117 941 2197 οἰκτείρας
964 2121 1071 2179 κακῶν·

306 2217 444 2297 ἐξουσίας
466 2220 523 2302 γὰρ
545 2222 598 2298 τῆς
620 2219 713 2302 πάρος
735 2216 874 2307 θνῄσκων
896 2217 974 2298 ἄναξ

308 2322 519 2405 ἀπεστέρηται·
548 2328 602 2386 τοῦ
623 2322 679 2405 γὰρ
703 2323 787 2390 έντὸς
809 2321 950 2403 ὀμμάτων

309 2427 475 2506 καθημένου
494 2433 547 2492 νῦν
569 2428 703 2509 ὀρφανὸς
725 2433 820 2491 κεῖται
843 2425 975 2508 κράτους,

308 2529 324 2592 ὃ
346 2531 461 2612 πρόσθε
483 2535 586 2595 πᾶσαν
609 2533 674 2595 εἷλε
697 2532 847 2594 κᾶκόντων
870 2529 976 2612 φρένα.

306 2635 340 2697 οὗ
363 2634 420 2717 γὰρ
442 2633 584 2713 λέληθας,
607 2637 693 2701 ὅστις
715 2638 748 2700 έν
769 2639 898 2700 πολλοῖς
919 2632 986 2714 ἐμοὶ

305 2735 443 2819 λειφθεὶς
467 2741 595 2820 ἑταίροις
615 2738 842 2820 μοῦνος-ὥστ’
865 2739 944 2805 εἰκός
968 2738 1007 2817 σ’,
1029 2738 1105 2820 ἅπερ

305 2842 398 2906 κείνοι
420 2847 455 2905 τὸ
476 2843 619 2924 πρόσθεν,
641 2842 723 2906 ταῦθ’
745 2841 786 2907 ἔν’
808 2841 890 2923 ἄνδρ’
911 2843 1112 2923 ὑπηρετεῖν-

305 2945 358 3009 εἶτ’
382 2943 447 3009 ἀντὶ
470 2947 570 3026 κώπης
593 2947 691 3023 τιμίου
713 2944 927 3029 προσχήματος
1007 2999 1012 3010 .

304 3049 413 3129 βούλει
435 3051 598 3128 προδοῦναί
616 3049 658 3129 μ’,
681 3047 829 3130 ὀμμάτων,
852 3051 955 3129 ὥσπερ
976 3047 1064 3130 γυνή,

308 3154 402 3232 ζητῶν
423 3154 552 3233 ματαίαν
573 3153 692 3236 τέρψιν,
715 3149 733 3232 ἢ
758 3155 879 3236 κέρδους
901 3155 985 3234 έρῶν.

305 3259 411 3336 καίτοι,
433 3253 565 3339 σφαλεὶς
587 3256 646 3340 γὰρ
669 3259 717 3320 καὶ
740 3255 785 3325 δὶς
808 3259 849 3321 ὧν
871 3262 968 3322 ποιεῖν
989 3259 1087 3341 χρεὼν

303 3360 359 3440 ἤδη
383 3386 427 3427 τις
449 3360 616 3445 ηὐτύχηκεν
637 3363 670 3425 έν
693 3361 783 3445 πείρᾳ
805 3362 898 3448 τρίτη,

304 3462 362 3549 ἔρρ’
384 3464 423 3530 ὡς
446 3464 584 3547 τάχιστα·
614 3469 668 3529 νῦν
689 3464 745 3547 γὰρ
767 3462 786 3544 ἢ
808 3467 910 3548 ῥίψων
932 3463 1021 3546 ξίφος

302 3565 321 3647 ἢ
344 3567 451 3652 χερσὶν
472 3571 537 3633 ἴσθι
559 3575 625 3636 ταῖς
647 3571 731 3650 έμαΐς
753 3571 944 3651 θανούμενος.

1080 3688 1105 3722 Α.
1119 3688 1144 3722 D.
1158 3688 1182 3721 (3-
