3010 4494
601 377 817 426 OXONIENSIS

671 822 742 862 XVII

243 927 299 987 Sio
320 926 517 1003 intempesta,
542 945 637 1002 quam
657 926 751 1004 longa
771 929 826 1002 est,
851 930 942 986 nocte
962 945 1018 1002 per
1038 925 1123 986 auris

242 1026 339 1086 litore
360 1025 514 1084 harenoso
536 1025 671 1084 mittunt
691 1044 767 1084 aava
787 1044 952 1085 murmura
973 1013 1107 1098 fluetusj

243 1123 367 1186 interea
385 1123 476 1183 miris
498 1122 687 1183 elamoribus
709 1125 799 1182 111111
820 1123 974 1183 resultant

244 1221 362 1296 abdita,
385 1241 442 1280 neo
463 1221 564 1298 mergi
584 1221 703 1281 oiroum
723 1221 947 1281 increbresoere
969 1225 1098 1298 questus

246 1321 407 1394 cessabat;
435 1319 532 1379 semel
552 1322 584 1379 et
604 1319 688 1379 risus
710 1319 817 1379 audire
837 1320 967 1380 videbar

246 1419 415 1496 Nymphae
436 1417 626 1477 inludentis:
654 1420 725 1479 tum
746 1419 838 1478 dorsa
859 1418 990 1478 latentia
1011 1419 1095 1478 saxis

246 1517 335 1576 unda
355 1517 428 1576 ferit
449 1516 541 1576 solito
561 1517 737 1589 violentior,
761 1518 794 1576 et
814 1517 876 1576 oita
896 1520 980 1578 retro

246 1617 287 1675 ut
307 1617 451 1676 monstro
470 1615 616 1674 veniente
637 1615 805 1675 relabitur:
833 1616 887 1674 ille
907 1635 963 1692 per
983 1617 1084 1676 undas

247 1713 336 1773 haud
357 1714 463 1773 aderat
483 1715 598 1786 tamen,
622 1716 655 1773 et
675 1715 759 1774 oaelo
781 1714 845 1774 iam
865 1715 1018 1774 exhausta
1038 1715 1154 1792 refugit

247 1813 333 1887 luna,
357 1811 467 1871 sedin
488 1811 624 1887 scopulis
645 1811 730 1873 idem
750 1811 814 1871 iam
834 1813 967 1890 plangor
986 1816 1019 1873 et
1039 1813 1124 1874 idem

249 1913 377 1970 cantus:
404 1930 457 1970 me
478 1930 581 1986 rupes,
606 1930 701 1987 quam
720 1910 770 1970 vis
791 1911 865 1970 terit
886 1912 1024 1988 undique
1045 1912 1142 1987 ponti,

249 2008 319 2069 sola
338 2010 424 2068 tenet
443 2009 655 2084 monstrisque
676 2009 839 2069 horrentia
857 2029 1018 2070 marmora
1038 2010 1177 2088 cingunt

248 2110 321 2166 tum
342 2107 470 2166 demum
491 2110 563 2166 ante
584 2125 684 2167 novos
705 2109 801 2181 ortus,
825 2126 899 2167 oum
920 2107 1046 2168 densior
1067 2109 1190 2182 umbra,

250 2225 339 2266 mors
356 2205 410 2266 ubi
426 2207 573 2282 prompta
589 2205 698 2282 aegris,
718 2225 791 2264 eum
807 2205 862 2266 vix
881 2205 963 2264 mihi
979 2205 1060 2264 fessa
1077 2208 1212 2266 retentat

250 2303 373 2364 lumina
387 2303 465 2381 quin
486 2323 598 2364 somno
619 2304 729 2363 cedant
750 2303 855 2378 timor,
878 2324 985 2380 aspera
1005 2323 1080 2364 saxo

251 2403 407 2462 scinditur
426 2403 518 2478 unda
542 2402 700 2479 marisque
721 2402 755 2460 11
776 2404 886 2480 stagna
906 2404 1048 2462 extrema
1067 2406 1172 2464 vorari

253 2503 322 2561 1011
340 2499 505 2561 videbatur
525 2500 627 2576 facies,
651 2503 683 2558 et
703 2501 829 2561 oondita
850 2501 968 2561 oiroum

252 2619 328 2660 saxa
348 2598 545 2675 apparebant,
568 2598 701 2676 visuque
721 2599 866 2676 immane,
890 2601 1055 2661 trementis

253 2702 325 2758 ante
347 2697 452 2757 001101
473 2696 577 2756 subito
599 2715 727 2773 serpens
748 2698 898 2758 obscenus
918 2699 958 2758 ab
978 2699 1073 2758 undis

254 2796 413 2857 horrentis
434 2815 579 2873 squamas
599 2799 692 2872 atque
714 2816 768 2855 ora
789 2797 924 2856 minacia
943 2797 1035 2858 101111.

253 2894 400 2970 turpibus
419 2895 451 2953 et
472 2893 566 2970 spiris
587 2895 653 2954 tam
673 2896 762 2954 vasta
782 2895 946 2955 volumina
966 2897 1092 2973 torquet

254 2995 291 3052 nt
311 3012 381 3052 mea
400 2992 455 3053 vix
476 3012 585 3052 omnes
605 2990 728 3068 possint
747 2993 871 3069 explere
891 2993 1009 3055 tuendo

254 3090 376 3151 lumina
396 3094 548 3151 terrores:
575 3090 661 3150 visae
682 3110 810 3150 manare
832 3111 977 3152 eruorem

255 3190 425 3250 immensae
446 3189 582 3249 monstri
601 3189 716 3261 111011,
739 3190 881 3267 oculique
902 3189 1042 3251 furentes

256 3287 405 3365 sanguine
426 3308 480 3348 eeu
501 3287 593 3348 calidi
614 3307 766 3366 saevaque
787 3287 917 3348 libidine
936 3289 1079 3366 flagrant.

1103 3401 1135 3435 W.
1147 3399 1176 3435 Η.
