3010 4494
637 406 858 454 OXONIENSIS»

283 584 338 623 nee
359 584 433 624 vero
453 568 485 624 ie
506 565 609 640 prima
630 565 723 639 iuvat,
747 585 803 624 nee
822 564 920 624 serior
940 568 1041 638 aetas;

282 683 355 722 nam
376 663 475 722 veluti
496 663 627 723 conviva
648 667 740 739 satur,
764 666 930 740 superante
951 683 1069 740 sopore,

283 762 358 821 dum
379 761 479 839 speeie
499 761 612 821 frueris
632 763 707 837 veri,
732 783 818 821 mera
840 761 961 822 somnia
980 761 1100 834 cernis;

282 880 393 936 nempe
415 860 488 935 dies,
512 860 705 937 meliorque
726 881 791 920 non
812 861 905 920 datur
925 860 997 935 ulla,
1022 860 1167 920 iuventae

282 959 318 1017 fit
338 958 396 1018 tibi
416 979 474 1035 par
493 959 588 1034 senio,
613 959 690 1017 dum
710 959 886 1018 mendicare
907 961 1011 1017 coacta

282 1056 398 1114 auxilia
419 1076 436 1115 a
457 1057 601 1115 tremulis
622 1056 749 1115 senibus
770 1056 880 1116 vitalia
901 1058 1048 1132 captas3‘

282 1156 314 1212 ai
334 1157 457 1213 matura
477 1154 576 1230 annis,
602 1174 674 1214 eum
695 1155 778 1213 faeta
798 1175 815 1213 e
835 1173 968 1230 paupere
990 1154 1076 1214 dives

283 1252 345 1312 iam
366 1253 470 1327 fueris,
495 1273 567 1312 eum
588 1252 695 1328 forma,
720 1253 811 1327 calor,
835 1252 925 1329 vigor
945 1253 1075 1328 artubus
1096 1253 1199 1313 omnis

282 1350 422 1424 exierint,
446 1353 589 1427 torpente
611 1350 736 1424 anim03
764 1351 811 1409 nil
833 1350 965 1426 denique
986 1353 1083 1410 restat

283 1449 389 1509 divitis
408 1450 492 1509 unde
514 1452 606 1525 queat
626 1449 695 1508 fieri
716 1449 884 1508 iucundius
904 1469 1025 1510 aevum.

283 1552 353 1607 tene
373 1547 481 1624 igitur,
501 1567 583 1608 vana
603 1548 692 1606 euius
713 1548 772 1607 sub
792 1549 927 1624 imagine
948 1548 1060 1608 mortis

283 1645 369 1704 mille
390 1647 490 1705 latent
511 1646 633 1721 speeies
658 1646 824 1723 dignemur
844 1646 972 1704 nemine
993 1645 1095 1720 vitae3

284 1745 358 1803 dum
379 1764 486 1804 veram
507 1747 600 1820 atque
620 1764 725 1820 unam,
751 1764 828 1820 quae
850 1747 898 1804 tot
919 1743 1099 1804 discrimina
1119 1745 1211 1821 tollit,

284 1843 398 1901 seilicet
418 1843 583 1902 horremus
605 1862 690 1902 cassa
709 1842 877 1902 formidine
898 1845 1058 1903 moriem?

1108 1954 1136 1990 H.
1151 1953 1176 1990 Ε.
1187 1954 1208 1988 Τ,

691 2365 793 2403 XXXIX

285 2459 354 2518 Non
375 2460 427 2533 ita,
451 2479 516 2519 non
537 2479 685 2533 meve0r;
710 2463 842 2536 tempus,
867 2460 942 2537 quid
962 2461 1055 2519 inane
1077 2461 1242 2536 superbis?

324 2559 397 2635 quid
419 2578 502 2617 nova
522 2558 723 2634 pyramidum
744 2562 779 2618 tu
800 2559 882 2617 mihi
902 2562 1044 2618 monstra
1065 2559 1184 2620 refers?

284 2663 316 2716 at
336 2659 416 2717 mihi
437 2679 501 2718 nen
523 2678 606 2719 nova
626 2661 709 2734 sunt,
733 2679 799 2719 nen
819 2660 1011 2734 admiranda,
1036 2659 1159 2734 tuenti3

323 2758 398 2816 haee
419 2757 535 2832 speeies
556 2760 671 2817 notum
691 2758 903 2819 dissimulavit
925 2778 1013 2835 epus.

284 2858 389 2914 nestra
411 2857 476 2915 dies
496 2856 601 2915 brevis
622 2859 677 2930 est,
701 2877 776 2932 ergo
798 2857 1004 2933 quodeunque
1025 2857 1143 2918 vetusti

323 2953 523 3030 prompseris,
545 2954 699 3013 attonitus
720 2955 926 3014 deveneraiur
946 2955 1050 3029 home,

285 3057 356 3112 nata
377 3052 438 3112 sibi
458 3052 553 3110 fuerit
574 3054 724 3128 tanquam
746 3052 886 3128 quaesita
906 3052 1060 3128 voluptas,

323 3171 379 3210 nee
399 3151 504 3226 potius
525 3151 668 3226 patribus
689 3152 795 3210 fabula
815 3151 891 3209 trita
911 3151 985 3210 suis

285 3250 335 3308 odi
355 3269 412 3325 ego
434 3252 465 3308 te
485 3249 644 3325 fastosque
667 3252 746 3323 tuos,
771 3252 886 3324 tuaque
907 3249 1014 3308 omnia
1035 3250 1164 3308 demum

323 3368 377 3407 seu
399 3349 481 3422 sunt,
506 3366 560 3406 seu
581 3347 714 3421 fuerant,
737 3367 803 3406 non
822 3347 999 3406 veneranda
1019 3350 1104 3422 puio.

284 3445 361 3506 falso
382 3445 484 3520 prisea
504 3444 610 3520 refers,
634 3445 713 3504 false
734 3445 911 3521 praesentia
930 3445 1032 3520 nobie,

324 3547 454 3620 utraque
475 3543 624 3603 continua
644 3545 733 3603 curta
753 3544 804 3603 vel
825 3545 915 3602 aucta
936 3543 1019 3620 fuga.

284 3641 342 3700 hoe
363 3642 441 3717 iuro,
466 3641 668 3718 steteritque3
696 3641 774 3700 fides
794 3661 865 3700 mea
885 3641 978 3700 firma
997 3625 1152 3715 manebitj

324 3743 357 3799 tu
380 3740 461 3816 lieet,
487 3761 505 3800 0
526 3742 659 3816 tempus
684 3742 785 3800 cetera
806 3739 884 3800 falce
904 3759 988 3801 ruas.

1111 3851 1137 3884 A.
1149 3849 1171 3882 Τ.
1184 3849 1207 3883 Β.
