3052 4496
625 402 840 450 OXONlENSIS

684 644 781 686 LXXIV

235 749 336 822 Quam
352 747 483 824 pulchra
501 752 550 809 est
568 748 692 824 speeies,
710 769 805 826 quam
820 769 882 810 vox
902 750 951 808 est
969 752 1058 825 grata
1074 749 1232 811 canentis!

274 830 366 922 rupta
387 847 473 923 cupit
493 847 606 924 rumpi,
630 848 707 907 dum
728 848 819 922 canit,
844 867 920 908 aura
940 867 1035 908 sono:

234 944 332 1020 ipsius
353 945 475 1004 afflatus
496 947 679 1022 conceptum
699 947 832 1006 ventilat
852 946 957 1023 ignem

274 1042 373 1119 ipsius
393 1064 432 1103 ex
453 1043 550 1103 oculis
571 1045 626 1120 qui
646 1045 740 1104 modo
760 1047 853 1103 natus
874 1048 949 1104 erat.

235 1141 287 1200 hei
306 1141 407 1202 mihi!
436 1161 513 1218 quae
534 1142 662 1202 tandem
682 1142 764 1203 ratic
785 1143 964 1203 moderetur
984 1145 1085 1204 amori

275 1240 330 1316 qui
350 1243 489 1300 mentem
509 1240 639 1316 ancipiti
659 1261 715 1300 nec
736 1242 833 1301 semel
853 1243 919 1302 arte
940 1241 1043 1318 petit?

235 1338 278 1397 sic
300 1359 421 1415 quoque
443 1359 501 1398 nos
522 1339 590 1400 diro
611 1339 766 1399 succensis
787 1340 911 1416 fulgure
931 1340 1003 1400 tect'

274 1437 419 1511 protinus
439 1437 612 1496 humanam
632 1438 873 1514 deproperamus
894 1458 992 1514 opem,

235 1533 352 1594 scilicet
373 1538 409 1594 ut
429 1539 554 1595 nostrae
574 1535 735 1596 flammam
756 1535 947 1612 restinguere
968 1537 1058 1610 vires,

276 1632 419 1710 quamvis
439 1633 482 1692 sit
502 1653 651 1710 superum
671 1634 801 1694 numine
821 1634 926 1710 missa,
951 1637 1083 1711 queant:

237 1732 290 1791 sed
311 1732 473 1809 querimur
493 1735 625 1808 tantum,
649 1735 764 1792 ventus
784 1732 813 1791 si
833 1732 968 1792 concitat
988 1733 1111 1811 iguem:

278 1834 347 1890 tum
367 1831 449 1909 perit
468 1830 597 1907 ancipiti
616 1829 719 1891 victus
740 1831 779 1890 ab
799 1831 890 1890 hoste
910 1831 1006 1893 labor.

1102 1943 1127 1978 A.
1140 1943 1166 1978 Ι).
1178 1943 1202 1977 G.

691 2363 776 2405 LXXV

240 2457 285 2517 Ut
304 2458 407 2536 pelagi
426 2459 540 2520 fluctus
560 2459 701 2536 lapidosa
720 2461 760 2520 ad
781 2458 876 2519 litora
896 2462 1036 2534 currunt,

279 2557 317 2616 ad
337 2557 434 2617 finem
454 2560 622 2634 properant
642 2560 784 2634 tempora
805 2560 914 2618 nostra
934 2577 1036 2618 suum.

239 2654 352 2731 excipit
371 2656 450 2715 hora
470 2656 572 2732 horas,
595 2656 715 2716 undam
734 2657 850 2732 premit
869 2656 955 2716 unda
974 2655 1118 2731 priorem,

278 2754 471 2814 contendunt
491 2774 600 2814 omnes
620 2755 770 2815 ulteriora
789 2754 885 2831 sequi.

239 2855 332 2912 natus
352 2852 386 2911 in
406 2852 577 2912 immensas
597 2854 645 2914 sol
665 2855 776 2932 ingens
797 2852 927 2912 luminis
949 2871 1019 2912 cras

279 2951 359 3026 repit
379 2951 447 3024 iter,
472 2951 569 3011 donec
590 2952 686 3012 robur
707 2952 833 3012 adultus
853 2951 956 3010 habet.
1009 2985 1011 2990 ·

239 3048 337 3124 gloria
357 3052 427 3109 tum
447 3049 553 3124 pravis
573 3049 743 3110 defectibus
763 3050 818 3109 illa
838 3048 966 3123 laborat,

278 3150 310 3207 et
330 3149 455 3224 tempus
476 3147 595 3207 donum
614 3148 683 3208 volt
703 3147 819 3208 violare
841 3167 942 3208 suum.

239 3247 363 3321 tempus
384 3246 469 3306 amat
490 3265 596 3305 roseae
616 3246 727 3306 florem
747 3246 872 3305 foedare
893 3244 1045 3320 iuventae,

279 3363 372 3421 rugas
393 3343 428 3402 in
448 3343 540 3403 niveo
561 3365 688 3420 corpore
709 3346 833 3419 tempus
852 3345 929 3404 arat.

240 3445 363 3517 tempus
382 3441 448 3501 edit
467 3442 531 3501 rari
550 3442 702 3520 quidquid
723 3443 835 3502 natura
856 3442 981 3517 creavit,

279 3542 402 3617 statque
423 3540 507 3600 nihil
526 3541 609 3617 quod
629 3561 694 3600 non
715 3541 847 3617 denique
867 3541 946 3600 falce
966 3542 1032 3600 met
1051 3543 1072 3600 t.

240 3638 293 3696 sed
312 3659 406 3698 versu
426 3640 486 3698 hoc
506 3641 561 3698 tua
581 3639 650 3698 laus
669 3641 840 3698 venturum
860 3638 958 3698 stabit
978 3639 1013 3698 in
1033 3657 1154 3712 aevum,

280 3735 314 3795 in
334 3739 366 3795 te
386 3736 530 3798 saevierit
551 3737 723 3814 quamlibet
742 3737 797 3797 illa
817 3757 937 3798 manus.

1109 3845 1134 3878 Α.
1146 3844 1168 3879 'l'-
1181 3845 1205 3878 B.

321 3939 335 3982 9
