3004 4520
617 404 831 452 OXONIENSIS

644 603 645 606 Ἴ
671 636 779 677 cuxvn

265 730 334 790 Mos
353 733 421 790 erat
442 731 517 791 haec
538 751 666 791 narrare
688 731 764 806 seni,
789 731 818 791 si
837 732 959 793 viderat
979 733 1063 794 ullos

263 887 416 947 invidiam
438 887 538 948 socios
557 888 734 966 violataque
756 889 825 948 iura
846 889 1012 966 querentis.

268 1045 369 1106 ‘Urbs
390 1047 517 1124 antiqua
538 1046 600 1106 fuit
620 1047 745 1123 (nomen
765 1047 846 1106 mihi
867 1047 994 1107 sustulit
1016 1047 1118 1124 aetas),

263 1203 356 1280 inque
377 1204 445 1264 foro
465 1205 568 1264 stabat
587 1204 717 1265 Themis
738 1225 837 1280 aurea,
862 1205 935 1264 nixa
956 1205 1120 1266 columna:

263 1360 349 1420 laeva
370 1380 483 1421 manus
504 1359 609 1420 lances
629 1381 646 1420 e
667 1381 755 1420 more
775 1361 910 1436 tenebat,
935 1364 967 1420 et
987 1381 1095 1422 ensem

261 1517 396 1578 dextera.
441 1518 486 1578 sio
506 1517 609 1595 patuit
630 1517 799 1577 Themidos
819 1517 979 1594 popularia
999 1519 1068 1577 iura

261 1693 329 1733 esse
351 1674 410 1732 sub
431 1673 564 1750 imperio
585 1673 736 1751 sedesque
756 1676 788 1732 et
809 1673 901 1732 eorda
922 1672 1073 1733 virorum.

262 1830 434 1906 quinetiam
456 1850 568 1906 parvas
587 1830 664 1907 ipsis
684 1831 717 1890 in
739 1829 881 1890 lancibus
901 1830 991 1890 aedes

215 2019 217 2022 .
260 1984 417 2058 ponebant
435 1983 597 2058 volueres3
624 2004 689 2043 non
710 1984 782 2043 illas
798 1983 923 2060 fulgura
944 1983 1018 2043 ferri

260 2143 437 2200 terruerant
458 2141 595 2218 solisque
616 2162 709 2218 supra
730 2141 882 2201 radiantis
903 2142 1016 2218 imago.

260 2317 317 2356 neo
337 2298 443 2358 minus
463 2298 498 2357 in
519 2298 607 2374 peius
627 2297 712 2374 leges
731 2297 933 2358 volventibus
953 2298 1045 2357 annis

258 2455 430 2514 tendebant
449 2458 481 2514 et
501 2455 550 2516 vis
570 2455 670 2532 eoepit
691 2474 746 2533 pro
767 2455 836 2533 lege
856 2454 967 2530 valere,

259 2613 291 2670 et
311 2611 406 2672 nimis
427 2631 606 2688 oppressam
628 2614 686 2672 sub
707 2612 815 2692 iniquo
835 2612 973 2689 pondere
992 2613 1116 2688 plebem

258 2765 415 2824 vexabant
434 2784 584 2839 proceres.
629 2765 754 2842 iamque
776 2764 875 2841 ipsius
896 2765 931 2824 in
950 2764 1015 2823 lare
1037 2765 1120 2842 regis

257 2921 373 2981 amissa
392 2925 441 2980 est
460 2923 595 2999 torques,
618 2921 756 2998 furtique
777 2921 957 2996 parentibus
978 2921 1055 2981 orba

254 3099 328 3138 mox
348 3099 400 3139 rea
421 3079 458 3140 fit
478 3079 574 3156 virgo,
599 3079 689 3140 tectis
709 3079 823 3139 ancilla
843 3080 902 3139 sub
922 3079 1031 3140 isdem.

257 3235 324 3295 iure
345 3256 382 3295 ea
403 3236 537 3297 ment'to
558 3236 668 3312 eapitis
688 3237 864 3311 damnatur,
889 3240 921 3295 et
940 3235 1025 3312 ipsos

255 3396 328 3452 ante
348 3394 443 3468 pedes
463 3393 633 3453 Themidos
653 3393 854 3470 subitaeque
874 3393 998 3468 pectore
1019 3396 1174 3467 mertem

255 3550 394 3626 dumque
414 3548 574 3608 animuin
594 3548 681 3608 sedes
700 3548 787 3608 volat
807 3549 988 3626 incorrupta
1006 3545 1133 3626 piorum

256 3705 383 3766 horrida
403 3707 572 3784 tempestus
593 3705 812 3782 superingruit‚
836 3704 988 3783 igneaque
1008 3725 1078 3765 aere
