3010 4494
621 377 835 426 OXONIENSIS

703 929 738 971 l'I

263 1022 337 1081 Non
359 1042 423 1100 ego,
447 1024 523 1084 dum
544 1023 714 1084 semiustus
734 1023 836 1084 adhuc
857 1042 951 1100 rogus
972 1023 1066 1096 ardet,
1090 1019 1200 1094 abibo;

306 1121 379 1181 inde
400 1121 484 1196 satis,
509 1123 654 1182 flammae
675 1143 738 1199 quo
759 1123 957 1196 renoventur,
982 1120 1060 1180 erit:

264 1239 321 1279 nec
341 1222 448 1279 tamen
469 1220 528 1280 hoc
548 1219 667 1280 ausim:
695 1220 900 1298 nequeenim
921 1239 971 1278 me
992 1219 1101 1278 funere
1121 1217 1179 1278 tali

306 1316 435 1395 dignor:
463 1318 497 1377 in
517 1318 671 1378 Herculea
691 1339 765 1395 pars
785 1319 866 1378 mihi
886 1318 975 1377 nulla
995 1337 1080 1394 pyra.

261 1417 350 1476 haud
371 1435 458 1476 secus
479 1416 643 1479 Oechalios
663 1416 796 1477 memini
815 1417 961 1493 flagrasse
980 1416 1103 1492 penatis

305 1516 339 1573 et
358 1514 483 1590 patrias,
506 1515 646 1574 multum
666 1535 717 1574 me
739 1515 929 1590 lacrimante,
954 1514 1083 1587 domos3

264 1615 312 1671 tot
333 1615 441 1671 tamen
461 1612 592 1688 amissis,
616 1613 706 1672 tanta
726 1615 892 1689 superante
913 1613 1012 1682 ruina,

308 1710 393 1787 quod
414 1729 649 1786 compensarem
670 1712 719 1771 sat
739 1711 801 1770 fuit
821 1731 905 1770 unus
925 1730 1022 1770 amor.

266 1809 334 1883 ipse
354 1809 414 1868 iter
433 1808 474 1868 ad
494 1827 608 1868 navem
629 1809 737 1868 dextra
757 1808 839 1867 mihi
858 1808 948 1868 fulsit
969 1809 1076 1883 amica,

306 1906 374 1979 (aut
394 1925 489 1980 amor,
513 1909 568 1966 aut
589 1907 706 1984 species
725 1906 806 1965 illud
826 1907 942 1967 amoris
962 1907 1050 1984 erat)

264 2004 385 2064 addidit
406 2008 437 2064 et
457 2025 557 2080 voces,
580 2008 612 2065 et
632 2005 748 2064 iunctis
768 2005 873 2065 oscula
892 2004 1009 2080 labris3

305 2103 385 2162 mira
406 2104 524 2180 loquor,
548 2106 623 2163 nato
644 2123 695 2163 me
716 2103 868 2180 placuisse
889 2103 984 2164 Iovia.

264 2222 350 2261 nunc
370 2203 452 2262 mihi
471 2205 521 2263 vir
541 2204 641 2280 periit,
663 2204 776 2264 fratres
795 2202 920 2280 periere,
944 2206 1100 2281 paterque,

306 2303 339 2359 et
358 2301 516 2378 genetrix:
544 2304 626 2362 resto
647 2322 738 2362 serva
758 2304 913 2378 superstes
934 2322 1003 2362 ero:

265 2399 432 2459 debueram
452 2400 516 2460 iam
536 2403 612 2461 tunc
632 2400 758 2477 sepeliri
777 2403 877 2460 matre
898 2402 1027 2478 sepulta,

307 2499 356 2558 vel
377 2499 460 2559 latus
479 2499 531 2559 hic
551 2499 679 2558 domino
700 2499 891 2560 conseruisse
911 2519 990 2561 meo.

265 2596 389 2673 iamque
410 2599 497 2657 satur
517 2598 594 2656 fletu
615 2597 706 2657 cessit
726 2599 817 2656 vetus
837 2597 890 2657 ille
911 2598 1044 2672 sodalis;

307 2697 490 2754 centaurum
510 2695 646 2755 latebrae
667 2695 827 2772 lustraque
849 2716 935 2756 caeca
954 2698 1081 2757 tenent:

227 2787 236 2798 '
265 2792 330 2852 sola
350 2813 407 2870 ego
428 2793 557 2854 dilectos
577 2795 695 2854 cineres
715 2794 794 2871 vigil
815 2814 946 2873 ossaque
968 2815 1065 2871 servo,

307 2893 477 2953 Herculeae
497 2896 602 2953 custos
622 2912 686 2953 una
707 2895 813 2954 relicta
833 2915 936 2972 pyrae.

266 2993 447 3065 esttamen,
471 2992 520 3049 est
541 3010 620 3066 quae
640 2991 707 3051 sola
726 3012 829 3053 sacrae
850 2993 1068 3070 subtegmine
1089 2995 1197 3068 noctis,

307 3088 371 3148 sola
391 3088 499 3165 procul
519 3089 653 3149 madidis
673 3093 792 3150 maeret
812 3094 844 3150 et
864 3091 932 3168 ipsa
953 3091 1062 3169 genis:

266 3186 320 3245 sed
340 3186 421 3246 mihi
442 3207 498 3247 nec
519 3187 657 3248 similem
678 3208 785 3248 curam
806 3189 890 3248 fovet
910 3189 974 3265 illa,
999 3209 1216 3266 necunquam

308 3284 489 3362 participem
510 3285 614 3346 luctus
634 3307 685 3346 me
706 3287 788 3346 sinet
808 3306 874 3347 esse
894 3288 951 3347 sui.

1097 3399 1116 3433 J,
1129 3399 1153 3435 Α.
1166 3400 1191 3434 (l.
