3052 4496
637 336 852 387 0x0N1ENs1s
1186 343 1244 408 139

283 493 295 552 i
316 513 408 564 nunc,
432 494 529 570 όοοίο,
554 495 667 558 Chloes
689 498 789 557 n'sum
810 497 890 558 mihi
910 497 1003 576 pinge
1024 497 1145 576 tabella,

324 612 439 670 perque
461 596 551 653 notas
572 594 691 654 similes
712 598 777 655 arte
798 616 955 674 manuque
975 597 1073 656 refer:

286 692 422 768 Cynthia
443 692 497 751 sed
518 711 605 752 sacro
625 698 751 753 maneat
771 695 949 754 veneranda
969 698 1084 771 poetae,

325 789 467 867 Cynthia,
494 809 549 850 οοιι
571 791 677 852 divam
698 812 793 869 quam
814 792 881 852 sine
902 793 965 852 fine
987 793 1094 854 colam.

1143 904 1176 940 W.
1188 905 1211 939 L.

682 1281 810 1322 Lxxx111

288 1373 372 1439 Ἔνθ’
395 1376 413 1437 ό
434 1401 469 1459 γε
491 1373 620 1458 ἠχήεντ’,
643 1377 801 1458 εὐηγεσίης
823 1375 856 1441 ἐὺ
878 1377 974 1456 είδός,

291 1479 409 1559 δόματα
431 1485 496 1545 ναῖε
517 1481 613 1562 γέρων
636 1480 744 1545 παῖδάς
767 1480 791 1541 τ’
815 1480 938 1562 ὀλίγους
961 1482 1125 1560 ἐδίδασκεν,

292 1584 404 1648 αίδοῖος
426 1584 600 1663 νεμεσητός,
622 1584 640 1645 ὅ
662 1585 707 1649 τίς
730 1587 798 1649 ἑθεν
820 1583 1001 1649 ἀντιάσειεν·

292 1671 379 1749 εῦΙδέ
402 1691 416 1750 ἑ
439 1683 499 1772 ᾔδε’
522 1687 590 1770 ἔγό,
611 1687 676 1774 ᾔδει
698 1688 731 1750 δὲ
754 1685 803 1750 καὶ
826 1688 859 1754 ὅς
882 1688 907 1751 κ’
930 1688 1075 1752 ἀλίτοιτο.

293 1789 324 1854 εὖ
346 1794 379 1855 δὲ
401 1796 454 1855 τοῦ
477 1789 525 1874 ήρι
547 1791 620 1870 μάλ’
642 1791 718 1872 ὅφιν
740 1788 856 1871 ἀκήριοι
880 1791 1074 1875 εἰσορόωντες

293 1894 430 1970 ὄσσονθ’,
452 1895 492 1961 ὥς
513 1897 552 1978 ῥα
574 1893 637 1958 κάκ’
660 1893 738 1975 ήμαρ
762 1892 810 1957 ἐπὶ
833 1895 927 1975 σφίσι
950 1893 1040 1973 κήδεα
1061 1893 1185 1959 πέσσοι·

293 1997 325 2061 εὖ
347 2002 380 2063 δὲ
401 1997 484 2076 μάλα
506 2002 668 2080 γναθμοῖσι
690 1999 833 2080 γελοίαον
856 1999 1073 2080 ἀλλοτρίοισιν,

293 2104 322 2166 εί
342 2126 370 2164 τι
391 2106 515 2185 γελοῖον
536 2102 628 2166 ἔειπε·
657 2107 764 2184 γελοῖα
786 2101 812 2165 δ’
835 2103 852 2165 ό
874 2100 901 2186 γ’
925 2101 1042 2166 ἄσπετα
1064 2101 1138 2188 ᾔδει.

291 2204 345 2286 ῥεῖ’
367 2205 429 2268 αὖτ’
452 2206 525 2270 ἔνθα
548 2203 595 2269 καὶ
617 2206 688 2271 ἔνθα
711 2205 801 2287 φάτις
824 2205 971 2294 στρέφετ’,
987 2205 1044 2286 ήκα
1067 2211 1182 2281 κιοῦσα,

295 2311 441 2392 ἀγγελίην
462 2308 613 2374 ἐνέπουσα
635 2308 736 2389 κακήν,
759 2309 803 2373 ὅθ’
826 2311 940 2391 ὑπόδρα
960 2312 1064 2374 ἴδοιτο·

294 2415 326 2480 ὅς
350 2440 385 2497 γε
405 2416 461 2493 μὲν
482 2411 570 2493 ἤπιος
593 2415 673 2491 ἔσκε,
697 2411 744 2477 καὶ
768 2414 796 2478 εί
815 2440 843 2478 τι
867 2415 916 2478 καὶ
938 2412 1043 2496 άγριον
1064 2414 1154 2494 ἔρδοι,

294 2520 387 2584 αἴτιος
409 2517 446 2598 ἦν
468 2518 519 2582 οὐκ
542 2517 638 2598 αὐτός,
659 2517 726 2600 ἔρος
748 2517 772 2582 δ’
796 2519 910 2600 ἀρετῆς,
933 2516 967 2582 δν
989 2518 1125 2602 ἔχεσκεν.

295 2622 399 2704 εὔχετο
421 2621 481 2702 μάν
504 2626 562 2688 πᾶς
585 2625 686 2702 δῆμος,
709 2623 785 2687 ὅσον
806 2618 988 2704 πραπίδεσσ’
1011 2621 1164 2701 ἐκέκαστο,

295 2725 333 2792 ὡς
354 2722 517 2806 πεμπάζετ’
540 2724 746 2805 ἐπισταμένως
769 2721 817 2790 καί
838 2723 961 2805 σήματα
981 2723 1045 2810 ᾔδει

295 2831 327 2895 ἐν
348 2831 452 2893 πίνακι
474 2829 591 2911 γράψαι
614 2830 663 2892 καὶ
685 2826 893 2910 μετρήσασθαι
916 2827 1050 2909 ἀρούρας·

294 2938 355 3014 γνῶ
378 2932 404 2995 δ’
426 2933 444 2994 ό
466 2957 501 3014 γε
522 2936 584 2995 πᾶν
604 2933 727 3013 τέκμωρ,
750 2930 793 2996 ὅτ’
815 2929 933 3010 ἀέξοιτο
955 2929 1033 3012 μέγα
1056 2935 1140 3007 κῦμα,

293 3038 386 3118 μέτρα
407 3035 434 3099 τ’
458 3025 601 3100 ἐπίστατο
624 3033 740 3118 κρόφθ·
770 3035 789 3113 ἡ
812 3039 869 3117 γὰρ
892 3033 966 3098 πέλε
987 3033 1081 3115 δήμοο
1103 3036 1203 3116 φῆμις.

296 3139 392 3219 Ζηνδς
414 3139 438 3203 δ’
463 3139 540 3220 ἱρεὺς
562 3139 633 3225 ᾔδε’,
656 3140 673 3201 ό
695 3138 721 3222 ῥ’
745 3139 801 3221 οὐχ
822 3137 973 3220 ἡμάρτανε
994 3139 1103 3217 μόθων,

295 3243 426 3322 νικηθεὶς
448 3241 505 3324 γὰρ
528 3243 546 3305 ό
566 3241 594 3324 γ’
615 3245 681 3307 αίέυ
703 3243 748 3307 ἔτι
770 3242 938 3307 πλεόνεσσι
961 3241 1072 3306 ἔπεσσι

295 3346 398 3426 βάζεν·
424 3346 536 3428 ἄμετρα
558 3349 589 3412 δέ
612 3349 716 3410 πολλὰ
738 3347 787 3409 καὶ
810 3345 860 3409 οὐκ
885 3345 1021 3408 ἐπιδευέα
1043 3343 1119 3428 ήχῆς

295 3454 327 3516 ἐκ
350 3451 462 3533 φρένας
485 3449 658 3534 ἀγρομένων
680 3447 880 3532 πεπλήγεσαν
903 3450 1082 3530 άγροιωτῶν.

296 3558 326 3622 ἐς
348 3558 382 3620 δὲ
402 3558 467 3620 ίδον
490 3560 589 3637 φωτὸς
612 3551 759 3636 κεφαλήν,
778 3551 897 3634 θάμβος
919 3551 944 3617 δ’
967 3553 1020 3636 ἔχε
1041 3551 1166 3627 πάντας,

297 3659 336 3726 ὡς
357 3659 448 3739 τυτθή
470 3685 526 3741 περ
549 3661 640 3721 ἐοῦσα
662 3658 757 3741 χάδεν
779 3658 895 3722 τόσσον
919 3658 990 3722 νόον
1012 3656 1107 3720 ἔνδον.

1117 3770 1139 3808 π.
1153 3769 1176 3806 α.
1189 3770 1215 3807 ι.
