3010 4494
626 370 841 419 OXONIENSIS

717 815 738 852 V

393 910 488 972 Cultu
509 909 627 970 ludicra
646 909 711 970 iam
732 929 815 970 novo

435 1010 610 1085 procedant,
634 1008 742 1070 solitas
762 1029 820 1070 nee
840 1009 990 1085 peragant
1010 1007 1101 1083 vices,

394 1108 448 1167 sed
468 1111 593 1184 gratum
613 1107 809 1168 variantibus

434 1207 597 1266 mutentur
617 1204 729 1264 thiasis
749 1205 881 1281 saepius,
904 1207 936 1264 et
957 1203 1018 1264 cito

395 1302 548 1363 alternata
568 1302 675 1364 minus
695 1322 801 1362 morae

435 1402 499 1461 sint
520 1401 680 1462 desideriis
701 1400 948 1478 adspicientium.

395 1504 570 1578 exspectare
591 1499 687 1560 nimis
707 1500 761 1560 diu

437 1597 586 1675 quidquid
608 1618 673 1658 non
693 1597 783 1658 tenui
802 1597 928 1657 lumina·
945 1596 1060 1674 decipit

395 1697 487 1770 fastu,
510 1696 661 1757 mollibus
681 1695 791 1756 eximit

436 1796 557 1871 partem
579 1795 705 1854 deliciis.
751 1794 864 1872 migret
885 1793 1021 1854 amarior

396 1892 512 1968 vultus,
537 1893 659 1970 siquid
680 1894 712 1952 et
732 1892 853 1952 horridi

436 1990 515 2051 lucis
534 1991 618 2052 iussa
637 1993 753 2051 manet.
797 1992 906 2049 nostra
926 1989 1024 2049 licens
1044 1988 1120 2048 iocis

397 2108 457 2147 nox
477 2087 642 2148 sollemnia
662 2089 847 2161 commovet,

438 2187 530 2246 altrix
552 2185 671 2261 siderei,
695 2206 757 2263 quo
778 2185 888 2260 radiat,
912 2184 977 2261 poli

400 2304 433 2344 ac
453 2287 523 2344 tum
543 2284 615 2361 plus
636 2283 729 2345 solito
750 2284 856 2344 nitens

440 2383 539 2444 dulcis
559 2382 685 2442 delicias
706 2402 779 2442 cum
799 2381 887 2441 iuvat
907 2380 1022 2442 addita.

401 2483 557 2558 sceptrum
578 2480 705 2543 cernitis
726 2483 764 2540 ut
784 2483 892 2541 vomat

439 2579 521 2657 ignis
542 2579 726 2639 flammifero
747 2600 819 2639 cum
841 2580 1038 2640 diademate?

400 2679 436 2736 ut
456 2679 493 2738 de
513 2680 600 2738 veste
619 2680 758 2737 tremens
779 2678 853 2738 deae

440 2775 582 2836 decurrat
603 2776 715 2853 liquidi
735 2776 831 2836 fascia
851 2776 1007 2836 luminis?

401 2873 486 2934 illam
508 2893 573 2934 non
594 2874 687 2934 hodie
709 2875 796 2934 iuvat

439 2972 619 3033 inmersisse
640 2972 706 3033 suis
726 2975 851 3049 pectora
871 2973 1002 3049 roribus,

402 3090 463 3130 non
484 3091 594 3132 somno
614 3091 756 3148 premere
777 3072 904 3132 obrutos

442 3187 566 3229 sensus:
595 3169 626 3227 ta
645 3167 743 3246 vigili,
767 3168 908 3246 quisquis
928 3169 1002 3229 ades
1022 3168 1126 3242 sacris,

403 3266 494 3326 turba
513 3267 614 3343 pascit
633 3266 819 3344 imaginum,

442 3365 549 3440 plenae
570 3366 686 3425 crescat
706 3365 754 3425 uti
775 3384 899 3426 summa
918 3364 1069 3426 licentiae.

1109 3476 1133 3510 R.
1149 3475 1171 3508 E.
