3052 4496
635 338 851 385 OXONIENSIS

701 517 777 558 LXXI

312 639 349 697 A.
380 634 483 696 Καίτοι
507 631 567 697 τόδ’
592 633 701 697 οἶδα-

313 737 346 794 Β.
586 733 616 795 τί
636 733 697 797 τόδ’
722 733 899 811 ἐπίστασαι,
923 733 1048 806 τέκνον,·

311 836 346 894 Α.
375 831 452 913 ἄγαν
475 831 503 913 γ’
528 833 631 898 ὁποῖος
654 831 819 914 παρθένους
843 832 916 914 ἔρως
939 833 1014 915 ἔχει,

377 933 425 996 αἶς
448 933 534 996 οὐδὲν
556 932 656 1011 ἧσσον
679 931 824 1014 ἀρσένων,
850 932 934 998 εἰδὼς
956 932 1046 1014 λέγω,

376 1030 411 1094 τὸ
432 1036 544 1096 πιστὸν
568 1029 728 1111 ἐμπέφυκε·
757 1031 806 1094 καὶ
828 1030 886 1112 γὰρ
908 1029 945 1108 ἦν
968 1033 1057 1110 πατρὶ

378 1130 463 1216 τώμῷ
484 1137 606 1213 γεγῶσα
629 1136 699 1196 παῖς
721 1130 799 1206 ποθ’,
822 1128 860 1209 ἦν
883 1130 989 1211 ἀνδρὸς
1012 1131 1104 1196 πόθος

378 1229 536 1312 κατέσχεν,
560 1232 632 1310 οἶος,
656 1233 682 1294 εἰ
704 1230 779 1312 γυνὴ
803 1230 904 1312 ’τυχον
927 1231 1023 1312 γεγὼς

376 1331 443 1412 ἐγώ,
467 1330 617 1412 κατάσχοι
641 1331 709 1410 κᾶμ’
733 1329 771 1394 ἂν
793 1333 895 1410 ἵμερος
919 1331 1017 1395 σέθεν.

313 1435 346 1492 Β.
375 1431 423 1494 καὶ
445 1434 533 1494 ποῖον
555 1430 603 1508 ἦγ’
627 1432 725 1510 ἐρῶσα
746 1430 799 1495 τὸν
819 1432 902 1510 βίον,
924 1429 1006 1512 λέγε.

313 1534 349 1594 A.
372 1528 419 1613 ἥγ’
442 1532 533 1611 ὅνπερ
555 1530 636 1612 ἦγεν,
659 1528 770 1611 οὐγὰρ
794 1530 858 1608 οἶδ’,
880 1528 966 1609 ἄναξ,
989 1536 1106 1610 σαφῶς.

378 1629 413 1692 οὗ
434 1629 491 1712 γάρ
513 1631 579 1693 ποτ’
602 1630 707 1708 ηὕδησ’
729 1632 792 1695 οἶος
815 1632 916 1708 ἵμερος
939 1629 1009 1711 κέαρ

378 1730 513 1806 ἔδαπτεν,
536 1729 606 1792 ἀλλ’
629 1731 754 1812 ἔκρυπτε
777 1727 839 1811 σῖγ’
862 1730 923 1793 ἔσω
947 1735 1074 1810 φρενῶν,

381 1829 430 1893 ἀεί
448 1856 484 1911 γε
506 1829 647 1893 σύννοιόν
670 1828 723 1893 τιν’
748 1830 952 1909 ἐνδατουμένη,

379 1928 451 1991 ὥστ’
474 1930 631 2007 ἐκτακῆναι
655 1927 807 2006 καλλονὴν
826 1927 940 2009 ρέθους,
962 1929 1047 2006 δίκην

377 2028 466 2109 ῥόδου
489 2026 656 2108 φθαρέντος
678 2029 896 2108 όμματοστερεῖ
915 2026 1033 2112 βλάβῃ·

379 2125 458 2212 λύπῃ
481 2126 505 2190 δ’
529 2128 624 2190 ἆεικεῖ
645 2123 866 2208 συγκεκραμένα
889 2128 983 2203 καλῆς

380 2224 493 2307 ἤμειψε
514 2229 621 2308 χροιᾶς
644 2226 743 2301 ἄνθος,
767 2226 906 2305 ὀμμάτων
929 2225 988 2289 ἄπο

380 2324 491 2406 γελῶσ’
514 2325 559 2388 ἐπ’
583 2323 810 2405 ἀγελάστοισιν,
833 2323 1006 2406 ἀφθέγκτου
1028 2326 1112 2402 δίκην

382 2427 522 2506 Σειρῆνος
545 2426 577 2487 ἐν
599 2424 761 2504 τόμβοισιν
783 2422 996 2510 ἐξῃκασμένος.

381 2525 435 2606 οὐχ
457 2525 551 2603 οὗτος,
575 2527 677 2600 εἴτις,
699 2523 737 2603 ἦν
758 2523 831 2604 ἔρως
852 2527 955 2605 ψυχῆς
978 2525 1061 2596 ἄπο;

383 2625 481 2706 ὅρκοις
502 2629 651 2706 γυναικῶν
674 2626 722 2687 καὶ
744 2624 848 2706 λόγοις
870 2624 922 2687 οὐκ
945 2622 1009 2687 ἐσθ’
1031 2624 1073 2686 ὅτ’
1095 2623 1128 2686 οὐ

382 2730 544 2805 κρατοῦμεν
567 2726 679 2806 ἄνδρες,
704 2723 786 2788 ἀλλὰ
809 2724 867 2789 κάν
887 2725 1003 2788 τούτοις
1023 2723 1119 2787 πλέον

382 2829 541 2890 δοκοῦντας
562 2824 639 2903 ἡμᾶς
661 2822 679 2903 ἢ
702 2825 847 2890 θέλοντας
868 2824 931 2888 ἔστ’
955 2825 1037 2899 ἰδεῖν,

381 2921 475 2987 δειλοὶ
498 2921 523 2987 δ’
545 2925 669 3004 ἐρῶντές
691 2925 795 3002 ἔσμεν,
815 2925 849 2986 έν
870 2924 975 3004 λόγοις
995 2921 1090 3004 ἄκροι.

319 3028 351 3086 B.
373 3023 392 3103 ἦ
416 3021 518 3086 κᾶθαν’
541 3022 560 3102 ἡ
583 3028 662 3099 παῖς,
686 3026 726 3108 τῷ
751 3024 835 3108 πόθῳ
859 3023 1051 3103 δεδμημένη,·

318 3129 354 3186 Α.
381 3125 452 3206 ὁρᾷς
475 3121 533 3202 ἔμ’,
557 3121 644 3201 ὦναξ,
669 3123 749 3200 πλὴν
772 3121 798 3185 δ’
821 3123 893 3202 ἐμοῦ
916 3128 1027 3202 πατρὸς
1051 3122 1153 3202 δόμοις

383 3218 481 3288 οὐδεὶς
504 3221 543 3285 ἔτ’
568 3220 630 3285 ἔστ’
655 3221 690 3284 οὗ
713 3223 805 3298 θῆλυς
829 3218 889 3284 οὐδ’
911 3221 1007 3302 ἅρσην
1029 3221 1127 3303 γόνος.

384 3323 482 3386 καίτοι
503 3320 564 3386 τόδ’
588 3320 640 3384 οὐκ
664 3318 729 3384 οἶδ’·
761 3317 841 3397 ἀλλ’,
864 3318 949 3400 ἄναξ,
973 3319 1074 3386 θέλεις
1095 3321 1180 3401 μόλω

384 3428 457 3503 πρὸς
479 3421 534 3501 τὴν
554 3424 690 3503 γυναῖκα,
713 3420 785 3485 σοὺς
807 3421 917 3502 λόγους
940 3420 1023 3486 αὖθις
1047 3419 1149 3500 φέρων
1161 3445 1172 3493 ,·

321 3526 353 3584 B.
384 3521 433 3594 ἴθ’,
458 3520 633 3603 ἔγκόνησον,
657 3516 705 3582 καὶ
728 3521 785 3601 γὰρ
809 3520 840 3583 έν
864 3523 954 3603 καιρῷ
976 3519 1085 3601 λέγεις,

383 3622 471 3684 λίθον
494 3623 526 3683 δέ
548 3618 636 3698 τήνδε
659 3624 708 3685 δὸς
728 3619 845 3699 λοβόν,
868 3618 1004 3701 ἄγγελλε
1027 3619 1059 3682 δὲ

384 3718 510 3799 ἄρνησιν
533 3719 570 3785 ὡς
595 3720 647 3783 οὐκ
669 3719 757 3797 οἶδεν,
781 3720 814 3783 οὐ
835 3718 943 3800 τριβὰς
965 3718 1047 3797 ἔρως.
1158 3749 1181 3782 ιι.
1194 3751 1219 3783 κ.
