3052 4496
246 908 316 966 Dor.

640 359 854 407 OXONIENSIS

734 792 752 832 L

366 905 589 982 Ignauissumi,
621 905 696 982 quid
730 905 859 966 facitis?
890 926 964 965 mox
998 926 1071 966 erus
1103 907 1246 966 adueniet

449 1004 589 1078 domum,

367 1122 472 1162 -non
492 1101 892 1178 reputatisi-aduenienti
912 1103 987 1180 quoi
1008 1103 1054 1162 nii
1071 1123 1163 1163 cenae
1185 1123 1246 1162 ooo-

448 1204 519 1261 tum
539 1200 607 1260 erit.

252 1302 256 1308 '
310 1347 316 1360 .
368 1299 515 1359 adueniat
528 1299 589 1375 pol,
607 1320 704 1377 quom
718 1300 846 1361 lubebit.
883 1300 1073 1361 Tranionem
1088 1301 1248 1360 seruolum

368 1397 423 1473 qui
451 1417 524 1457 erus
555 1397 619 1472 elit,
653 1417 727 1457 eum
756 1419 848 1458 erum
883 1419 941 1476 ego
973 1418 1088 1474 seruos,
1124 1399 1195 1473 iem,
1220 1399 1248 1457 si

449 1495 526 1570 uolt,
550 1494 714 1572 reliquero.

367 1594 452 1653 huno
466 1593 628 1653 hominem
639 1597 731 1670 atque
743 1596 933 1656 Tranionem
948 1617 1014 1656 non
1027 1597 1135 1656 eadem
1150 1595 1247 1672 capiet

449 1692 571 1752 domus.

311 1836 317 1852 .
371 1790 446 1866 quid
468 1790 631 1868 negotist?
676 1794 749 1880 ΙΤνα.
773 1812 878 1852 meam
901 1793 949 1852 mi
972 1793 1106 1853 amicam
1129 1794 1247 1852 subtra-

449 1889 551 1949 hebat.
597 1910 664 1950 rem
686 1910 814 1950 omnem
835 1891 938 1952 habes.

310 2034 316 2047 .
369 1987 575 2062 peiurissume
593 1988 761 2049 hominum
782 1989 878 2048 homo
899 1990 943 2049 tu.
996 1991 1064 2051 Tra.
1097 2009 1189 2065 quem
1212 1992 1246 2048 tu

248 2381 314 2440 Tra.

247 2579 317 2638 Dor.

247 2972 318 3029 Dm.

250 3167 316 3227 Tra.

448 2085 558 2162 peiuri,
582 2087 696 2161 frutex,

368 2183 557 2244 insimulas?
591 2184 729 2261 peiuru’s
750 2184 824 2261 ipse.
855 2186 928 2246 Dro.
954 2186 989 2244 tu
1004 2219 1043 2226 -
1059 2186 1128 2246 Tra.
1148 2185 1247 2244 immo

450 2284 596 2344 tu—Dro.
617 2283 744 2360 peiurus
766 2302 807 2344 es,

367 2384 437 2440 uter
470 2381 609 2457 peiurior
642 2385 853 2442 nostrorumst
888 2381 922 2440 in
951 2381 1066 2442 melum
1099 2381 1126 2440 is
1159 2381 1248 2440 abeat

449 2499 580 2542 oruoem.

370 2578 493 2651 Tranio,
518 2579 559 2638 tis
579 2580 684 2656 pudet,
707 2583 740 2639 et
760 2579 819 2654 tui,
842 2581 969 2656 Dromo,

368 2676 551 2737 huiusmodi
572 2677 654 2737 dicta
674 2697 741 2753 uos,
765 2678 946 2739 mulionum
966 2679 1089 2754 probru,

370 2774 487 2835 dioerei
516 2778 650 2835 aetatem
672 2796 729 2854 ego
749 2777 861 2836 taeitos
881 2796 940 2836 uos
959 2777 1118 2850 msuelim‚

370 2892 464 2949 quam
479 2875 644 2949 proteruos
657 2874 703 2934 ita
716 2894 815 2952 usque
831 2895 898 2935 esse
915 2878 947 2934 et
964 2875 1009 2934 ita
1027 2874 1203 2935 maledicos,

370 2971 519 3031 eooistum
539 2972 678 3047 priorem
690 2973 793 3049 peiuri
814 2976 958 3047 satorem,

368 3069 449 3129 mihi
469 3070 573 3130 contio
594 3090 678 3130 nune
700 3071 854 3147 posterior
874 3071 975 3130 datur.

369 3188 493 3228 ueruex.
538 3171 610 3229 Dm.
636 3169 749 3229 frutex.
794 3171 862 3230 Tra.
890 3169 994 3230 delire.
1036 3172 1107 3230 Dru.
1128 3170 1248 3247 uolpes.

451 3268 519 3327 Tra.
544 3267 678 3344 percule.

1104 3381 1139 3415 W.
1149 3380 1177 3414 Η.
1191 3379 1215 3413 L.
