3004 4520
607 407 822 454 OXONIENSIS

656 837 782 876 CXXXIII

337 932 399 990 Hie
420 933 561 992 clausum
582 933 699 993 eineres
719 936 828 994 tenent
848 935 1022 1010 sepulchro,

336 1031 403 1089 veri
424 1031 576 1109 quidquid
597 1031 729 1092 hebetve
750 1033 851 1091 forma
872 1033 941 1108 rari,

335 1126 441 1188 iuncta
461 1130 660 1207 simplicitate
681 1130 861 1207 gratiarum.

336 1228 496 1304 phoenicis
515 1228 621 1305 rapuit
640 1229 748 1289 favilla
767 1229 866 1290 nidos.

335 1325 415 1385 illud
436 1327 569 1387 turturis
590 1327 720 1386 infidele'
737 1347 912 1405 numquam

335 1426 443 1499 pectus
462 1430 644 1502 perpetuam
665 1426 750 1486 fovet
770 1427 914 1503 quietem.

336 1523 363 1581 si
383 1527 456 1600 post
475 1525 586 1584 funera
606 1545 672 1584 non
692 1527 824 1584 manent
843 1530 977 1601 nepueu,

334 1623 525 1699 nequiquam
545 1623 668 1683 emeriti
688 1623 834 1682 feruntur
854 1627 956 1682 artus:

334 1723 407 1795 post
427 1722 560 1780 conubia
580 1722 705 1780 uastitas
725 1722 879 1782 manebat.

335 1818 354 1892 i,
378 1839 490 1878 verum
511 1819 570 1878 tibi
589 1819 739 1896 gloriare:
769 1840 833 1879 non
854 1823 909 1880 est.

336 1917 430 1977 iactet
451 1937 482 1977 se
503 1938 611 1993 venus,
637 1920 669 1977 at
689 1921 822 1977 venuste
844 1922 996 1979 nonest:

333 2019 365 2075 et
386 2037 497 2076 verum
517 2019 549 2074 et
569 2037 669 2076 venus
689 2017 742 2076 hie
763 2017 860 2076 simul
880 2019 1077 2093 premuntur.

335 2134 407 2191 ergo
428 2135 543 2174 urnam
564 2116 732 2190 celebretiS,
757 2115 928 2191 evenusti,

334 2231 389 2272 seu
411 2215 481 2290 quis
502 2214 584 2273 fidus
605 2234 733 2275 amans:
760 2217 793 2274 et
811 2214 962 2274 invocetis

333 2332 389 2387 per
409 2312 543 2388 suspiria
564 2312 698 2373 mortuis
718 2313 863 2390 quietem.

646 2741 766 2781 CXXXIV

212 2835 262 2896 sie
282 2835 335 2910 ait,
358 2838 391 2896 et
411 2837 489 2895 solio
510 2837 601 2898 divus
621 2836 760 2915 fulgente
781 2837 915 2914 resurgit

211 2955 274 3011 que
294 2935 398 2995 Patris
419 2936 459 2994 ad
480 2936 597 2995 summi
617 2936 700 2995 latus
722 2936 855 3009 aesidet;
882 2936 967 2993 hunc
988 2934 1085 2993 simul
1105 2955 1197 2993 omne

212 3033 389 3103 concilium,
411 3034 524 3110 quibus
545 3034 581 3095 in
602 3053 729 3110 superos
750 3033 903 3110 permissa
922 3035 1067 3108 potestas,

212 3132 326 3209 quique
347 3131 430 3192 daffie
450 3133 571 3208 pollent
589 3132 720 3208 seeptris
740 3132 929 3208 dominoque
948 3130 1139 3205 ministrant,

212 3231 370 3290 deducunt
391 3229 467 3289 caeli
488 3231 526 3289 ad
547 3231 653 3304 limen,
677 3233 776 3289 terrae
797 3230 880 3288 unde
899 3229 1035 3290 iacentes

212 3330 369 3406 apparent,
393 3328 515 3404 lateque
535 3330 621 3404 patet
640 3329 821 3404 prospectus
842 3327 877 3386 in
898 3347 974 3388 orae.

190 3428 273 3486 .huc
293 3447 392 3503 prono
413 3428 553 3486 actutum
575 3425 734 3485 deseendit
752 3426 878 3486 tramite
899 3447 1017 3486 numen

211 3525 389 3601 indicioque
409 3525 557 3583 horarum
577 3526 609 3583 et
631 3525 780 3601 temporis
802 3524 886 3584 ocius
907 3526 985 3584 actu.

212 3623 358 3683 occiduus
377 3623 481 3684 medie
501 3624 549 3682 sol
569 3623 675 3699 lapsus
695 3623 734 3683 ab
754 3624 827 3684 orbe
849 3623 983 3698 cadebat,

212 3722 438 3799 surgebantque
459 3722 544 3782 leves
564 3742 655 3781 aurae
676 3741 754 3798 quae
774 3725 914 3799 tempore
934 3722 1020 3781 iusso

213 3821 386 3880 mulcerent
405 3823 531 3896 terrem,
555 3824 587 3880 et
608 3821 739 3880 dueebat
758 3821 873 3898 frigora
893 3841 1010 3896 vesper,

293 3917 337 3975 14*
