<?xml version="1.0" encoding="UTF-8"?>
<!DOCTYPE html PUBLIC "-//W3C//DTD XHTML 1.0 Transitional//EN"
    "http://www.w3.org/TR/xhtml1/DTD/xhtml1-transitional.dtd">
<html xmlns="http://www.w3.org/1999/xhtml" xml:lang="en" lang="en">
 <head>
  <title>
</title>
<meta http-equiv="Content-Type" content="text/html;charset=utf-8" />
  <meta name='ocr-system' content='tesseract 3.04.00' />
  <meta name='ocr-capabilities' content='ocr_page ocr_carea ocr_par ocr_line ocrx_word'/>
</head>
<body>
  <div class='ocr_page' id='page_1' title='image "./novaanthologiao01godlgoog/novaanthologiao01godlgoog_0185.png"; bbox 0 0 3052 4496; ppageno 0'>
   <div class='ocr_carea' id='block_1_1' title="bbox 626 367 842 414">
    <p class='ocr_par' dir='ltr' id='par_1_1' title="bbox 626 367 842 414">
     <span class='ocr_line' id='line_1_1' title="bbox 626 367 842 414; baseline 0.005 -1"><span class='ocrx_word' id='word_1_1' title='bbox 626 367 842 414; x_wconf 86' lang='lat' dir='ltr'>OXONIENSIS</span> 
     </span>
    </p>
   </div>
   <div class='ocr_carea' id='block_1_2' title="bbox 717 544 749 585">
    <p class='ocr_par' dir='ltr' id='par_1_2' title="bbox 717 544 749 585">
     <span class='ocr_line' id='line_1_2' title="bbox 717 544 749 585; baseline -0.031 0"><span class='ocrx_word' id='word_1_2' title='bbox 717 544 749 585; x_wconf 78' lang='lat'>01</span> 
     </span>
    </p>
   </div>
   <div class='ocr_carea' id='block_1_3' title="bbox 274 639 1204 2095">
    <p class='ocr_par' dir='ltr' id='par_1_3' title="bbox 274 639 1046 814">
     <span class='ocr_line' id='line_1_3' title="bbox 274 639 1046 718; baseline -0.003 -16"><span class='ocrx_word' id='word_1_3' title='bbox 274 640 447 702; x_wconf 78' lang='lat' dir='ltr'>Continuos</span> <span class='ocrx_word' id='word_1_4' title='bbox 468 659 574 714; x_wconf 80' lang='lat' dir='ltr'>unam,</span> <span class='ocrx_word' id='word_1_5' title='bbox 598 640 705 701; x_wconf 91' lang='lat' dir='ltr'>credat</span> <span class='ocrx_word' id='word_1_6' title='bbox 726 640 781 717; x_wconf 91' lang='lat' dir='ltr'>qui</span> <span class='ocrx_word' id='word_1_7' title='bbox 800 639 908 718; x_wconf 77' lang='lat' dir='ltr'>possit,</span> <span class='ocrx_word' id='word_1_8' title='bbox 934 640 1046 716; x_wconf 87' lang='lat' dir='ltr'>amavi,</span> 
     </span>
     <span class='ocr_line' id='line_1_4' title="bbox 313 738 1012 814; baseline 0.003 -16"><span class='ocrx_word' id='word_1_9' title='bbox 313 742 378 799; x_wconf 90' lang='lat' dir='ltr'>tres</span> <span class='ocrx_word' id='word_1_10' title='bbox 398 739 463 798; x_wconf 90' lang='lat' dir='ltr'>iam</span> <span class='ocrx_word' id='word_1_11' title='bbox 483 738 656 814; x_wconf 80' lang='lat' dir='ltr'>continuos,</span> <span class='ocrx_word' id='word_1_12' title='bbox 680 741 744 799; x_wconf 88' lang='lat' dir='ltr'>tres</span> <span class='ocrx_word' id='word_1_13' title='bbox 765 739 833 798; x_wconf 90' lang='lat' dir='ltr'>sine</span> <span class='ocrx_word' id='word_1_14' title='bbox 853 739 916 798; x_wconf 93' lang='lat' dir='ltr'>fine</span> <span class='ocrx_word' id='word_1_15' title='bbox 937 738 1012 800; x_wconf 89' lang='lat' dir='ltr'>dies.</span> 
     </span>
    </p>

    <p class='ocr_par' dir='ltr' id='par_1_4' title="bbox 275 837 1108 998">
     <span class='ocr_line' id='line_1_5' title="bbox 275 837 1108 914; baseline -0.002 -16"><span class='ocrx_word' id='word_1_16' title='bbox 275 837 375 914; x_wconf 77' lang='lat' dir='ltr'>quid?</span> <span class='ocrx_word' id='word_1_17' title='bbox 401 839 489 914; x_wconf 90' lang='lat' dir='ltr'>puto,</span> <span class='ocrx_word' id='word_1_18' title='bbox 510 838 574 896; x_wconf 86' lang='lat' dir='ltr'>tres</span> <span class='ocrx_word' id='word_1_19' title='bbox 595 837 672 896; x_wconf 82' lang='lat' dir='ltr'>ahos</span> <span class='ocrx_word' id='word_1_20' title='bbox 693 837 778 897; x_wconf 89' lang='lat' dir='ltr'>idem</span> <span class='ocrx_word' id='word_1_21' title='bbox 799 839 977 896; x_wconf 76' lang='lat' dir='ltr'><strong>constanter</strong></span> <span class='ocrx_word' id='word_1_22' title='bbox 997 838 1108 898; x_wconf 88' lang='lat' dir='ltr'>amabo</span> 
     </span>
     <span class='ocr_line' id='line_1_6' title="bbox 316 936 983 998; baseline 0 -2"><span class='ocrx_word' id='word_1_23' title='bbox 316 936 344 996; x_wconf 89' lang='lat' dir='ltr'>si</span> <span class='ocrx_word' id='word_1_24' title='bbox 364 936 443 996; x_wconf 88' lang='lat' dir='ltr'>feret</span> <span class='ocrx_word' id='word_1_25' title='bbox 463 938 616 996; x_wconf 72' lang='lat' dir='ltr'>antennas</span> <span class='ocrx_word' id='word_1_26' title='bbox 637 956 712 996; x_wconf 88' lang='lat' dir='ltr'>aura</span> <span class='ocrx_word' id='word_1_27' title='bbox 733 938 868 998; x_wconf 91' lang='lat' dir='ltr'>secunda</span> <span class='ocrx_word' id='word_1_28' title='bbox 888 956 983 996; x_wconf 89' lang='lat' dir='ltr'>meas.</span> 
     </span>
    </p>

    <p class='ocr_par' dir='ltr' id='par_1_5' title="bbox 276 1034 1065 1211">
     <span class='ocr_line' id='line_1_7' title="bbox 276 1034 1065 1113; baseline 0 -18"><span class='ocrx_word' id='word_1_29' title='bbox 276 1055 351 1095; x_wconf 92' lang='lat' dir='ltr'>nam</span> <span class='ocrx_word' id='word_1_30' title='bbox 371 1035 460 1113; x_wconf 86' lang='lat' dir='ltr'>prius</span> <span class='ocrx_word' id='word_1_31' title='bbox 479 1034 595 1095; x_wconf 76' lang='lat' dir='ltr'><strong>exactis</strong></span> <span class='ocrx_word' id='word_1_32' title='bbox 616 1035 780 1096; x_wconf 87' lang='lat' dir='ltr'>decurrent</span> <span class='ocrx_word' id='word_1_33' title='bbox 800 1035 961 1096; x_wconf 90' lang='lat' dir='ltr'>mensibus</span> <span class='ocrx_word' id='word_1_34' title='bbox 982 1036 1065 1111; x_wconf 87' lang='lat' dir='ltr'>anni,</span> 
     </span>
     <span class='ocr_line' id='line_1_8' title="bbox 316 1133 985 1211; baseline -0.001 -17"><span class='ocrx_word' id='word_1_35' title='bbox 316 1137 441 1210; x_wconf 85' lang='lat' dir='ltr'>tempus</span> <span class='ocrx_word' id='word_1_36' title='bbox 461 1133 553 1193; x_wconf 90' lang='lat' dir='ltr'>humi</span> <span class='ocrx_word' id='word_1_37' title='bbox 573 1152 676 1211; x_wconf 90' lang='lat' dir='ltr'>penna</span> <span class='ocrx_word' id='word_1_38' title='bbox 696 1133 857 1194; x_wconf 87' lang='lat' dir='ltr'>deficiente</span> <span class='ocrx_word' id='word_1_39' title='bbox 879 1134 966 1194; x_wconf 89' lang='lat' dir='ltr'>cadet</span> <span class='ocrx_word' id='word_1_40' title='bbox 977 1155 985 1208; x_wconf 89' lang='lat'>;</span> 
     </span>
    </p>

    <p class='ocr_par' dir='ltr' id='par_1_6' title="bbox 277 1233 1089 1408">
     <span class='ocr_line' id='line_1_9' title="bbox 277 1233 1089 1310; baseline 0 -17"><span class='ocrx_word' id='word_1_41' title='bbox 277 1252 371 1310; x_wconf 90' lang='lat' dir='ltr'>quam</span> <span class='ocrx_word' id='word_1_42' title='bbox 391 1252 448 1309; x_wconf 90' lang='lat' dir='ltr'>per</span> <span class='ocrx_word' id='word_1_43' title='bbox 468 1234 623 1292; x_wconf 91' lang='lat' dir='ltr'>terrarum</span> <span class='ocrx_word' id='word_1_44' title='bbox 643 1234 748 1292; x_wconf 91' lang='lat' dir='ltr'>totum</span> <span class='ocrx_word' id='word_1_45' title='bbox 769 1233 961 1293; x_wconf 73' lang='lat' dir='ltr'>constantior</span> <span class='ocrx_word' id='word_1_46' title='bbox 982 1233 1089 1293; x_wconf 90' lang='lat' dir='ltr'>orbem</span> 
     </span>
     <span class='ocr_line' id='line_1_10' title="bbox 317 1330 989 1408; baseline 0.004 -18"><span class='ocrx_word' id='word_1_47' title='bbox 317 1335 421 1391; x_wconf 81' lang='lat' dir='ltr'>tamve</span> <span class='ocrx_word' id='word_1_48' title='bbox 442 1333 535 1391; x_wconf 86' lang='lat' dir='ltr'>tenax</span> <span class='ocrx_word' id='word_1_49' title='bbox 554 1330 623 1392; x_wconf 86' lang='lat' dir='ltr'>voti</span> <span class='ocrx_word' id='word_1_50' title='bbox 643 1331 851 1408; x_wconf 84' lang='lat' dir='ltr'>comperiatur</span> <span class='ocrx_word' id='word_1_51' title='bbox 871 1351 989 1393; x_wconf 87' lang='lat' dir='ltr'>amans.</span> 
     </span>
    </p>

    <p class='ocr_par' dir='ltr' id='par_1_7' title="bbox 277 1428 1008 1605">
     <span class='ocr_line' id='line_1_11' title="bbox 277 1428 1008 1507; baseline 0.003 -19"><span class='ocrx_word' id='word_1_52' title='bbox 277 1432 317 1504; x_wconf 83' lang='lat' dir='ltr'>at,</span> <span class='ocrx_word' id='word_1_53' title='bbox 342 1428 386 1488; x_wconf 89' lang='lat' dir='ltr'>sic</span> <span class='ocrx_word' id='word_1_54' title='bbox 406 1429 471 1489; x_wconf 86' lang='lat' dir='ltr'>fata</span> <span class='ocrx_word' id='word_1_55' title='bbox 490 1429 571 1488; x_wconf 90' lang='lat' dir='ltr'>mihi</span> <span class='ocrx_word' id='word_1_56' title='bbox 592 1448 657 1489; x_wconf 89' lang='lat' dir='ltr'>sese</span> <span class='ocrx_word' id='word_1_57' title='bbox 680 1430 841 1490; x_wconf 85' lang='lat' dir='ltr'>ostendere</span> <span class='ocrx_word' id='word_1_58' title='bbox 861 1429 1008 1507; x_wconf 84' lang='lat' dir='ltr'>maligna,</span> 
     </span>
     <span class='ocr_line' id='line_1_12' title="bbox 318 1527 926 1605; baseline 0.003 -19"><span class='ocrx_word' id='word_1_59' title='bbox 318 1527 364 1586; x_wconf 93' lang='lat' dir='ltr'>nil</span> <span class='ocrx_word' id='word_1_60' title='bbox 383 1547 423 1587; x_wconf 87' lang='lat' dir='ltr'>ex</span> <span class='ocrx_word' id='word_1_61' title='bbox 444 1547 476 1586; x_wconf 89' lang='lat' dir='ltr'>re</span> <span class='ocrx_word' id='word_1_62' title='bbox 496 1527 587 1604; x_wconf 89' lang='lat' dir='ltr'>potui</span> <span class='ocrx_word' id='word_1_63' title='bbox 607 1527 716 1587; x_wconf 88' lang='lat' dir='ltr'>ducere</span> <span class='ocrx_word' id='word_1_64' title='bbox 738 1528 840 1588; x_wconf 84' lang='lat' dir='ltr'>laudis</span> <span class='ocrx_word' id='word_1_65' title='bbox 860 1549 926 1605; x_wconf 83' lang='lat' dir='ltr'>ego.</span> 
     </span>
    </p>

    <p class='ocr_par' dir='ltr' id='par_1_8' title="bbox 277 1624 1125 1801">
     <span class='ocr_line' id='line_1_13' title="bbox 277 1624 1076 1702; baseline 0.003 -18"><span class='ocrx_word' id='word_1_66' title='bbox 277 1645 341 1685; x_wconf 92' lang='lat' dir='ltr'>non</span> <span class='ocrx_word' id='word_1_67' title='bbox 362 1626 486 1702; x_wconf 91' lang='lat' dir='ltr'>cuperet</span> <span class='ocrx_word' id='word_1_68' title='bbox 506 1644 630 1684; x_wconf 89' lang='lat' dir='ltr'>mecum</span> <span class='ocrx_word' id='word_1_69' title='bbox 652 1624 744 1702; x_wconf 88' lang='lat' dir='ltr'>longe</span> <span class='ocrx_word' id='word_1_70' title='bbox 765 1644 924 1685; x_wconf 89' lang='lat' dir='ltr'>remanere</span> <span class='ocrx_word' id='word_1_71' title='bbox 946 1625 1076 1702; x_wconf 78' lang='lat' dir='ltr'>Cupido,</span> 
     </span>
     <span class='ocr_line' id='line_1_14' title="bbox 319 1723 1125 1801; baseline 0 -18"><span class='ocrx_word' id='word_1_72' title='bbox 319 1723 354 1783; x_wconf 92' lang='lat' dir='ltr'>ni</span> <span class='ocrx_word' id='word_1_73' title='bbox 374 1723 476 1797; x_wconf 87' lang='lat' dir='ltr'>mod0‚</span> <span class='ocrx_word' id='word_1_74' title='bbox 500 1743 578 1799; x_wconf 88' lang='lat' dir='ltr'>quae</span> <span class='ocrx_word' id='word_1_75' title='bbox 600 1723 704 1801; x_wconf 84' lang='lat' dir='ltr'>tetigit</span> <span class='ocrx_word' id='word_1_76' title='bbox 724 1726 856 1800; x_wconf 88' lang='lat' dir='ltr'>pectora,</span> <span class='ocrx_word' id='word_1_77' title='bbox 881 1724 1005 1800; x_wconf 90' lang='lat' dir='ltr'>Pyrrha</span> <span class='ocrx_word' id='word_1_78' title='bbox 1026 1724 1125 1799; x_wconf 82' lang='lat' dir='ltr'>foret3</span> 
     </span>
    </p>

    <p class='ocr_par' dir='ltr' id='par_1_9' title="bbox 276 1821 1191 1997">
     <span class='ocr_line' id='line_1_15' title="bbox 276 1821 1191 1898; baseline -0.001 -17"><span class='ocrx_word' id='word_1_79' title='bbox 276 1822 310 1881; x_wconf 91' lang='lat' dir='ltr'>ni</span> <span class='ocrx_word' id='word_1_80' title='bbox 331 1822 424 1882; x_wconf 92' lang='lat' dir='ltr'>modo</span> <span class='ocrx_word' id='word_1_81' title='bbox 446 1822 569 1898; x_wconf 90' lang='lat' dir='ltr'>Pyrrha</span> <span class='ocrx_word' id='word_1_82' title='bbox 590 1821 678 1897; x_wconf 83' lang='lat' dir='ltr'>foret,</span> <span class='ocrx_word' id='word_1_83' title='bbox 703 1821 737 1880; x_wconf 91' lang='lat' dir='ltr'>ni</span> <span class='ocrx_word' id='word_1_84' title='bbox 758 1821 900 1898; x_wconf 82' lang='lat' dir='ltr'>Pyrrhae</span> <span class='ocrx_word' id='word_1_85' title='bbox 922 1821 1022 1882; x_wconf 87' lang='lat' dir='ltr'>forma</span> <span class='ocrx_word' id='word_1_86' title='bbox 1042 1823 1191 1883; x_wconf 88' lang='lat' dir='ltr'>venustae</span> 
     </span>
     <span class='ocr_line' id='line_1_16' title="bbox 319 1919 979 1997; baseline -0.002 -17"><span class='ocrx_word' id='word_1_87' title='bbox 319 1940 370 1980; x_wconf 92' lang='lat' dir='ltr'>me</span> <span class='ocrx_word' id='word_1_88' title='bbox 392 1922 521 1995; x_wconf 78' lang='lat' dir='ltr'>caperet,</span> <span class='ocrx_word' id='word_1_89' title='bbox 545 1919 642 1980; x_wconf 84' lang='lat' dir='ltr'>nullis</span> <span class='ocrx_word' id='word_1_90' title='bbox 662 1919 839 1997; x_wconf 86' lang='lat' dir='ltr'>effugienda</span> <span class='ocrx_word' id='word_1_91' title='bbox 859 1919 979 1994; x_wconf 88' lang='lat' dir='ltr'>modis;</span> 
     </span>
    </p>

    <p class='ocr_par' dir='ltr' id='par_1_10' title="bbox 279 2017 1204 2095">
     <span class='ocr_line' id='line_1_17' title="bbox 279 2017 1204 2095; baseline -0.002 -18"><span class='ocrx_word' id='word_1_92' title='bbox 279 2018 376 2078; x_wconf 86' lang='lat' dir='ltr'>altera</span> <span class='ocrx_word' id='word_1_93' title='bbox 396 2018 436 2078; x_wconf 91' lang='lat' dir='ltr'>ab</span> <span class='ocrx_word' id='word_1_94' title='bbox 456 2018 621 2078; x_wconf 87' lang='lat' dir='ltr'>undecima</span> <span class='ocrx_word' id='word_1_95' title='bbox 642 2019 822 2095; x_wconf 83' lang='lat' dir='ltr'>(numerum</span> <span class='ocrx_word' id='word_1_96' title='bbox 842 2018 928 2076; x_wconf 92' lang='lat' dir='ltr'>hunc</span> <span class='ocrx_word' id='word_1_97' title='bbox 949 2037 1061 2094; x_wconf 86' lang='lat' dir='ltr'>augere</span> <span class='ocrx_word' id='word_1_98' title='bbox 1081 2017 1204 2092; x_wconf 77' lang='lat' dir='ltr'>licebat)</span> 
     </span>
    </p>
   </div>
   <div class='ocr_carea' id='block_1_4' title="bbox 319 2115 1208 2263">
    <p class='ocr_par' dir='ltr' id='par_1_11' title="bbox 319 2115 1208 2263">
     <span class='ocr_line' id='line_1_18' title="bbox 319 2115 1010 2194; baseline 0.001 -18"><span class='ocrx_word' id='word_1_99' title='bbox 319 2116 353 2176; x_wconf 93' lang='lat' dir='ltr'>in</span> <span class='ocrx_word' id='word_1_100' title='bbox 374 2116 515 2194; x_wconf 86' lang='lat' dir='ltr'>Pyrrhae</span> <span class='ocrx_word' id='word_1_101' title='bbox 536 2115 641 2194; x_wconf 86' lang='lat' dir='ltr'>potuit</span> <span class='ocrx_word' id='word_1_102' title='bbox 660 2116 724 2176; x_wconf 91' lang='lat' dir='ltr'>iam</span> <span class='ocrx_word' id='word_1_103' title='bbox 744 2115 875 2176; x_wconf 79' lang='lat' dir='ltr'>subiisse</span> <span class='ocrx_word' id='word_1_104' title='bbox 896 2116 1010 2177; x_wconf 87' lang='lat' dir='ltr'>locum</span> 
     </span>
     <span class='ocr_line' id='line_1_19' title="bbox 1018 2223 1208 2263; baseline 0.005 -1"><span class='ocrx_word' id='word_1_105' title='bbox 1018 2227 1039 2262; x_wconf 80' lang='lat'>0.</span> <span class='ocrx_word' id='word_1_106' title='bbox 1053 2227 1082 2261; x_wconf 77' lang='lat' dir='ltr'>li.</span> <span class='ocrx_word' id='word_1_107' title='bbox 1095 2227 1130 2263; x_wconf 77' lang='grc' dir='ltr'>ΕΤ.</span> <span class='ocrx_word' id='word_1_108' title='bbox 1144 2227 1167 2261; x_wconf 78' lang='lat' dir='ltr'>L.</span> <span class='ocrx_word' id='word_1_109' title='bbox 1180 2223 1208 2263; x_wconf 77' lang='lat' dir='ltr'>R·</span> 
     </span>
    </p>
   </div>
   <div class='ocr_carea' id='block_1_5' title="bbox 720 2321 766 2366">
    <p class='ocr_par' dir='ltr' id='par_1_12' title="bbox 720 2321 766 2366">
     <span class='ocr_line' id='line_1_20' title="bbox 720 2321 766 2366; baseline -0.043 0"><span class='ocrx_word' id='word_1_110' title='bbox 720 2321 766 2366; x_wconf 83' lang='lat'>011</span> 
     </span>
    </p>
   </div>
   <div class='ocr_carea' id='block_1_6' title="bbox 281 2419 1119 3679">
    <p class='ocr_par' dir='ltr' id='par_1_13' title="bbox 320 2419 1098 2580">
     <span class='ocr_line' id='line_1_21' title="bbox 320 2419 1098 2498; baseline -0.001 -18"><span class='ocrx_word' id='word_1_111' title='bbox 320 2420 464 2498; x_wconf 84' lang='lat' dir='ltr'>Ingentis</span> <span class='ocrx_word' id='word_1_112' title='bbox 485 2420 579 2480; x_wconf 81' lang='lat' dir='ltr'>iactet</span> <span class='ocrx_word' id='word_1_113' title='bbox 600 2420 710 2480; x_wconf 89' lang='lat' dir='ltr'>titulos</span> <span class='ocrx_word' id='word_1_114' title='bbox 732 2423 825 2497; x_wconf 90' lang='lat' dir='ltr'>atque</span> <span class='ocrx_word' id='word_1_115' title='bbox 846 2419 934 2481; x_wconf 90' lang='lat' dir='ltr'>urbis</span> <span class='ocrx_word' id='word_1_116' title='bbox 954 2421 1098 2496; x_wconf 89' lang='lat' dir='ltr'>honores,</span> 
     </span>
     <span class='ocr_line' id='line_1_22' title="bbox 362 2517 992 2580; baseline 0 -2"><span class='ocrx_word' id='word_1_117' title='bbox 362 2518 413 2578; x_wconf 88' lang='lat' dir='ltr'>cui</span> <span class='ocrx_word' id='word_1_118' title='bbox 433 2517 617 2578; x_wconf 86' lang='lat' dir='ltr'>natalicium</span> <span class='ocrx_word' id='word_1_119' title='bbox 638 2518 726 2579; x_wconf 87' lang='lat' dir='ltr'>sidus</span> <span class='ocrx_word' id='word_1_120' title='bbox 746 2521 778 2578; x_wconf 89' lang='lat' dir='ltr'>et</span> <span class='ocrx_word' id='word_1_121' title='bbox 799 2519 878 2579; x_wconf 92' lang='lat' dir='ltr'>hora</span> <span class='ocrx_word' id='word_1_122' title='bbox 898 2517 992 2580; x_wconf 81' lang='lat' dir='ltr'>favet</span> 
     </span>
    </p>

    <p class='ocr_par' dir='ltr' id='par_1_14' title="bbox 321 2616 1076 2793">
     <span class='ocr_line' id='line_1_23' title="bbox 321 2616 1072 2694; baseline -0.001 -18"><span class='ocrx_word' id='word_1_123' title='bbox 321 2637 371 2676; x_wconf 90' lang='lat' dir='ltr'>me</span> <span class='ocrx_word' id='word_1_124' title='bbox 393 2616 506 2694; x_wconf 86' lang='lat' dir='ltr'>potius,</span> <span class='ocrx_word' id='word_1_125' title='bbox 530 2617 632 2677; x_wconf 82' lang='lat' dir='ltr'>fastus</span> <span class='ocrx_word' id='word_1_126' title='bbox 652 2617 731 2677; x_wconf 85' lang='lat' dir='ltr'>istos</span> <span class='ocrx_word' id='word_1_127' title='bbox 752 2617 803 2677; x_wconf 88' lang='lat' dir='ltr'>cui</span> <span class='ocrx_word' id='word_1_128' title='bbox 822 2617 888 2676; x_wconf 85' lang='lat' dir='ltr'>fata</span> <span class='ocrx_word' id='word_1_129' title='bbox 908 2619 1072 2694; x_wconf 80' lang='lat' dir='ltr'>negarunt,</span> 
     </span>
     <span class='ocr_line' id='line_1_24' title="bbox 361 2714 1076 2793; baseline 0.001 -19"><span class='ocrx_word' id='word_1_130' title='bbox 361 2714 394 2775; x_wconf 91' lang='lat' dir='ltr'>id</span> <span class='ocrx_word' id='word_1_131' title='bbox 416 2716 498 2792; x_wconf 87' lang='lat' dir='ltr'>quod</span> <span class='ocrx_word' id='word_1_132' title='bbox 518 2715 685 2793; x_wconf 86' lang='lat' dir='ltr'>praecipuo</span> <span class='ocrx_word' id='word_1_133' title='bbox 707 2715 820 2793; x_wconf 82' lang='lat' dir='ltr'>dignor</span> <span class='ocrx_word' id='word_1_134' title='bbox 840 2716 959 2776; x_wconf 91' lang='lat' dir='ltr'>honore</span> <span class='ocrx_word' id='word_1_135' title='bbox 980 2714 1076 2775; x_wconf 89' lang='lat' dir='ltr'>iuvat.</span> 
     </span>
    </p>

    <p class='ocr_par' dir='ltr' id='par_1_15' title="bbox 322 2813 1119 2990">
     <span class='ocr_line' id='line_1_25' title="bbox 322 2813 1119 2891; baseline 0 -19"><span class='ocrx_word' id='word_1_136' title='bbox 322 2813 448 2874; x_wconf 85' lang='lat' dir='ltr'>deliciae</span> <span class='ocrx_word' id='word_1_137' title='bbox 470 2813 526 2890; x_wconf 91' lang='lat' dir='ltr'>qui</span> <span class='ocrx_word' id='word_1_138' title='bbox 546 2815 622 2874; x_wconf 91' lang='lat' dir='ltr'>sunt</span> <span class='ocrx_word' id='word_1_139' title='bbox 642 2833 761 2891; x_wconf 86' lang='lat' dir='ltr'>regum,</span> <span class='ocrx_word' id='word_1_140' title='bbox 785 2834 842 2874; x_wconf 89' lang='lat' dir='ltr'>ceu</span> <span class='ocrx_word' id='word_1_141' title='bbox 863 2814 976 2889; x_wconf 80' lang='lat' dir='ltr'>caltha,</span> <span class='ocrx_word' id='word_1_142' title='bbox 1000 2813 1119 2873; x_wconf 88' lang='lat' dir='ltr'>colores</span> 
     </span>
     <span class='ocr_line' id='line_1_26' title="bbox 363 2911 999 2990; baseline -0.002 -18"><span class='ocrx_word' id='word_1_143' title='bbox 363 2913 546 2990; x_wconf 87' lang='lat' dir='ltr'>oppandunt</span> <span class='ocrx_word' id='word_1_144' title='bbox 566 2912 688 2972; x_wconf 88' lang='lat' dir='ltr'>domini</span> <span class='ocrx_word' id='word_1_145' title='bbox 707 2913 784 2972; x_wconf 88' lang='lat' dir='ltr'>solis</span> <span class='ocrx_word' id='word_1_146' title='bbox 804 2913 844 2973; x_wconf 88' lang='lat' dir='ltr'>ad</span> <span class='ocrx_word' id='word_1_147' title='bbox 865 2931 920 2972; x_wconf 90' lang='lat' dir='ltr'>ora</span> <span class='ocrx_word' id='word_1_148' title='bbox 940 2911 999 2985; x_wconf 83' lang='lat' dir='ltr'>sui,</span> 
     </span>
    </p>

    <p class='ocr_par' dir='ltr' id='par_1_16' title="bbox 322 3009 1033 3185">
     <span class='ocr_line' id='line_1_27' title="bbox 322 3009 1010 3088; baseline -0.004 -18"><span class='ocrx_word' id='word_1_149' title='bbox 322 3010 432 3070; x_wconf 90' lang='lat' dir='ltr'>nubila</span> <span class='ocrx_word' id='word_1_150' title='bbox 452 3011 494 3071; x_wconf 90' lang='lat' dir='ltr'>sit</span> <span class='ocrx_word' id='word_1_151' title='bbox 514 3010 616 3086; x_wconf 86' lang='lat' dir='ltr'>facies,</span> <span class='ocrx_word' id='word_1_152' title='bbox 640 3011 769 3071; x_wconf 93' lang='lat' dir='ltr'>illorum</span> <span class='ocrx_word' id='word_1_153' title='bbox 790 3009 1010 3088; x_wconf 17' lang='lat' dir='ltr'>gloriavfluxit,</span> 
     </span>
     <span class='ocr_line' id='line_1_28' title="bbox 363 3107 1033 3185; baseline 0 -17"><span class='ocrx_word' id='word_1_154' title='bbox 363 3128 517 3185; x_wconf 88' lang='lat' dir='ltr'>aureaque</span> <span class='ocrx_word' id='word_1_155' title='bbox 538 3109 572 3167; x_wconf 93' lang='lat' dir='ltr'>in</span> <span class='ocrx_word' id='word_1_156' title='bbox 593 3128 659 3168; x_wconf 89' lang='lat' dir='ltr'>sese</span> <span class='ocrx_word' id='word_1_157' title='bbox 680 3109 784 3169; x_wconf 87' lang='lat' dir='ltr'>forma</span> <span class='ocrx_word' id='word_1_158' title='bbox 804 3108 927 3185; x_wconf 88' lang='lat' dir='ltr'>sepulta</span> <span class='ocrx_word' id='word_1_159' title='bbox 947 3107 1033 3169; x_wconf 86' lang='lat' dir='ltr'>iacet.</span> 
     </span>
    </p>

    <p class='ocr_par' dir='ltr' id='par_1_17' title="bbox 323 3205 1049 3380">
     <span class='ocr_line' id='line_1_29' title="bbox 323 3205 1049 3282; baseline -0.003 -16"><span class='ocrx_word' id='word_1_160' title='bbox 323 3208 470 3266; x_wconf 87' lang='lat' dir='ltr'>strenuus</span> <span class='ocrx_word' id='word_1_161' title='bbox 490 3208 522 3266; x_wconf 89' lang='lat' dir='ltr'>et</span> <span class='ocrx_word' id='word_1_162' title='bbox 542 3206 634 3265; x_wconf 86' lang='lat' dir='ltr'>miles</span> <span class='ocrx_word' id='word_1_163' title='bbox 654 3205 757 3266; x_wconf 87' lang='lat' dir='ltr'>felicia</span> <span class='ocrx_word' id='word_1_164' title='bbox 776 3207 872 3266; x_wconf 91' lang='lat' dir='ltr'>notus</span> <span class='ocrx_word' id='word_1_165' title='bbox 894 3205 933 3266; x_wconf 95' lang='lat' dir='ltr'>ob</span> <span class='ocrx_word' id='word_1_166' title='bbox 954 3225 1049 3282; x_wconf 87' lang='lat' dir='ltr'>arma,</span> 
     </span>
     <span class='ocr_line' id='line_1_30' title="bbox 364 3303 1019 3380; baseline -0.002 -16"><span class='ocrx_word' id='word_1_167' title='bbox 364 3305 392 3364; x_wconf 92' lang='lat' dir='ltr'>si</span> <span class='ocrx_word' id='word_1_168' title='bbox 412 3303 528 3364; x_wconf 89' lang='lat' dir='ltr'>totiens</span> <span class='ocrx_word' id='word_1_169' title='bbox 547 3303 650 3364; x_wconf 86' lang='lat' dir='ltr'>victor</span> <span class='ocrx_word' id='word_1_170' title='bbox 668 3304 808 3365; x_wconf 89' lang='lat' dir='ltr'>vincitur</span> <span class='ocrx_word' id='word_1_171' title='bbox 828 3303 894 3380; x_wconf 90' lang='lat' dir='ltr'>ipse</span> <span class='ocrx_word' id='word_1_172' title='bbox 915 3305 1019 3380; x_wconf 90' lang='lat' dir='ltr'>semel,</span> 
     </span>
    </p>

    <p class='ocr_par' dir='ltr' id='par_1_18' title="bbox 281 3402 1051 3478">
     <span class='ocr_line' id='line_1_31' title="bbox 281 3402 1051 3478; baseline -0.001 -16"><span class='ocrx_word' id='word_1_173' title='bbox 281 3426 284 3434; x_wconf 91' lang='lat'>·</span> <span class='ocrx_word' id='word_1_174' title='bbox 324 3403 446 3464; x_wconf 84' lang='lat' dir='ltr'>raditur</span> <span class='ocrx_word' id='word_1_175' title='bbox 464 3423 482 3462; x_wconf 89' lang='lat' dir='ltr'>e</span> <span class='ocrx_word' id='word_1_176' title='bbox 503 3402 593 3462; x_wconf 84' lang='lat' dir='ltr'>fastis</span> <span class='ocrx_word' id='word_1_177' title='bbox 613 3402 743 3463; x_wconf 87' lang='lat' dir='ltr'>omniuo</span> <span class='ocrx_word' id='word_1_178' title='bbox 764 3422 880 3463; x_wconf 92' lang='lat' dir='ltr'>nomen</span> <span class='ocrx_word' id='word_1_179' title='bbox 901 3402 1051 3478; x_wconf 87' lang='lat' dir='ltr'>honestis,</span> 
     </span>
    </p>

    <p class='ocr_par' dir='ltr' id='par_1_19' title="bbox 365 3500 1056 3579">
     <span class='ocr_line' id='line_1_32' title="bbox 365 3500 1056 3579; baseline 0 -16"><span class='ocrx_word' id='word_1_180' title='bbox 365 3501 531 3579; x_wconf 87' lang='lat' dir='ltr'>omniaque</span> <span class='ocrx_word' id='word_1_181' title='bbox 553 3500 678 3562; x_wconf 88' lang='lat' dir='ltr'>assiduo</span> <span class='ocrx_word' id='word_1_182' title='bbox 700 3503 787 3579; x_wconf 84' lang='lat' dir='ltr'>gesta</span> <span class='ocrx_word' id='word_1_183' title='bbox 806 3501 912 3561; x_wconf 89' lang='lat' dir='ltr'>labore</span> <span class='ocrx_word' id='word_1_184' title='bbox 933 3502 1056 3563; x_wconf 86' lang='lat' dir='ltr'>cadunt.</span> 
     </span>
    </p>

    <p class='ocr_par' dir='ltr' id='par_1_20' title="bbox 324 3599 1086 3679">
     <span class='ocr_line' id='line_1_33' title="bbox 324 3599 1086 3679; baseline -0.004 -18"><span class='ocrx_word' id='word_1_185' title='bbox 324 3623 342 3661; x_wconf 93' lang='lat' dir='ltr'>o</span> <span class='ocrx_word' id='word_1_186' title='bbox 363 3621 421 3679; x_wconf 89' lang='lat' dir='ltr'>ego</span> <span class='ocrx_word' id='word_1_187' title='bbox 442 3620 538 3679; x_wconf 88' lang='lat' dir='ltr'>quam</span> <span class='ocrx_word' id='word_1_188' title='bbox 558 3599 668 3660; x_wconf 87' lang='lat' dir='ltr'>videor</span> <span class='ocrx_word' id='word_1_189' title='bbox 687 3599 771 3675; x_wconf 85' lang='lat' dir='ltr'>felix,</span> <span class='ocrx_word' id='word_1_190' title='bbox 795 3599 957 3660; x_wconf 90' lang='lat' dir='ltr'>immobile</span> <span class='ocrx_word' id='word_1_191' title='bbox 978 3602 1086 3676; x_wconf 86' lang='lat' dir='ltr'>pectus</span> 
     </span>
    </p>
   </div>
   <div class='ocr_carea' id='block_1_7' title="bbox 363 3697 1209 3843">
    <p class='ocr_par' dir='ltr' id='par_1_21' title="bbox 363 3697 1209 3843">
     <span class='ocr_line' id='line_1_34' title="bbox 363 3697 1084 3778; baseline -0.003 -18"><span class='ocrx_word' id='word_1_192' title='bbox 363 3699 498 3778; x_wconf 87' lang='lat' dir='ltr'>pectoris</span> <span class='ocrx_word' id='word_1_193' title='bbox 519 3697 646 3758; x_wconf 90' lang='lat' dir='ltr'>immoti</span> <span class='ocrx_word' id='word_1_194' title='bbox 666 3718 790 3775; x_wconf 87' lang='lat' dir='ltr'>semper</span> <span class='ocrx_word' id='word_1_195' title='bbox 810 3698 945 3759; x_wconf 88' lang='lat' dir='ltr'>amantis</span> <span class='ocrx_word' id='word_1_196' title='bbox 966 3717 1084 3758; x_wconf 86' lang='lat' dir='ltr'>amans.</span> 
     </span>
     <span class='ocr_line' id='line_1_35' title="bbox 1110 3808 1209 3843; baseline 0 -1"><span class='ocrx_word' id='word_1_197' title='bbox 1110 3809 1137 3843; x_wconf 76' lang='lat' dir='ltr'>A.</span> <span class='ocrx_word' id='word_1_198' title='bbox 1148 3808 1172 3843; x_wconf 75' lang='grc' dir='ltr'>Τ.</span> <span class='ocrx_word' id='word_1_199' title='bbox 1185 3808 1209 3842; x_wconf 86' lang='grc' dir='ltr'>Β.</span> 
     </span>
    </p>
   </div>
   <div class='ocr_carea' id='block_1_8' title="bbox 0 0 1546 4496">
    <p class='ocr_par' dir='ltr' id='par_1_22' title="bbox 0 0 1546 4496">
     <span class='ocr_line' id='line_1_36' title="bbox 0 0 1546 4496; baseline 0 0"><span class='ocrx_word' id='word_1_200' title='bbox 0 0 1546 4496; x_wconf 95' lang='lat' dir='ltr'> </span> 
     </span>
    </p>
   </div>
  </div>
 </body>
</html>
