3010 4494
609 341 824 392 OXONIENSIS

684 579 743 620 x1x

346 670 454 754 Ὁρᾶτέ
472 673 513 752 μ’,
535 675 638 757 ὥσπερ
661 676 705 742 είς
726 701 772 742 τις
795 673 832 754 έξ
850 676 930 754 ὑμῶν
954 675 1022 756 ἐφη,

347 777 449 841 ὅπλων
470 776 598 860 γέροντα
618 784 730 861 γυμνὸν
754 775 826 858 ὄντ’,
850 779 945 855 ἆλκῆς
967 779 1046 859 ἄτερ,

347 878 381 944 δν
402 881 489 965 έχθὲς
512 879 597 946 εἴδετ’
618 883 650 946 έν
672 883 788 965 θρόνοις
811 881 987 961 καθήμενον·

348 985 432 1049 κᾶκεῖ
451 984 592 1067 τύραννος
613 987 727 1068 μυρίων
750 985 918 1067 ἐφαινόμην

346 1086 455 1166 νήσων,
478 1089 627 1154 πέπλοισι
648 1094 814 1173 πορφυροῖς
834 1088 1011 1170 ἠσκημένος,

348 1191 451 1256 ἄλλων
471 1199 643 1274 προφωνῶν
666 1193 736 1257 κούκ
759 1191 832 1272 ἐμὰς
855 1190 1029 1258 ἐπιστολάς·

348 1295 406 1359 οὐδ’
428 1293 465 1359 αὖ
487 1293 556 1376 παρ’
577 1297 659 1378 ὑμῶν
680 1295 757 1361 τοῦτ’
781 1294 927 1376 ἐδεξάμην
951 1294 1066 1377 κράτος,

347 1403 406 1462 τῶν
428 1398 558 1481 εὐγενῶν
579 1398 637 1482 γάρ
660 1402 753 1480 έσμεν
775 1398 976 1483 ἐξηρτημένοι.

348 1502 412 1565 ἀνθ’
434 1505 476 1566 ὧν
497 1505 554 1582 μὲν
576 1503 628 1568 οὖν
650 1502 710 1568 τότ’
734 1504 842 1586 έτυχον
865 1500 991 1586 ἱδρυθεὶς
1014 1504 1076 1566 ἐκεῖ

349 1603 448 1682 έξιστε
470 1604 589 1682 πάντες,
611 1603 630 1685 ἢ
653 1601 764 1671 δοκεῖτ’
783 1605 935 1686 ἐξειδέναι·

349 1706 412 1772 ἀνθ’
433 1712 476 1774 ῶν
498 1713 530 1774 δὲ
553 1716 606 1775 νῦν
627 1710 758 1778 ἄελπτος
780 1710 879 1775 ἐνθάδ’
903 1711 1017 1791 ἱκόμην,

351 1814 379 1876 εί
398 1836 444 1878 τις
465 1811 594 1895 πάρεστι
615 1819 675 1879 τῶν
697 1814 866 1880 ἀκουόντων
888 1813 958 1879 τάδε

349 1917 426 2002 αὐτῷ
446 1917 588 1982 συνειδὸς
611 1919 723 1984 ἀθλίως
745 1917 927 2001 ὑβρισμένῳ,

351 2019 502 2106 ᾐκισμένῳ
524 2044 557 2086 τε
581 2019 629 2086 καὶ
653 2020 914 2105 κατεσποδημένκρ,

351 2123 421 2186 ὥστ’
445 2125 513 2188 οὐδὲ
535 2123 614 2188 τοῦτ’
638 2124 679 2188 ἐτ’
701 2125 782 2188 οἶδεν
805 2126 834 2188 εί
855 2121 966 2203 πέφυκ’
988 2120 1071 2203 ἀνήρ,

351 2233 455 2293 τοῦτον
479 2229 599 2306 κελεύω,
621 2229 777 2314 χρόμενον
799 2228 944 2312 τεκμηρίῳ

352 2337 415 2399 ταῖς
437 2333 521 2396 αίσιν
542 2334 631 2396 αιἰτοιῖ
654 2336 832 2417 συμφοραῖς,
855 2331 910 2412 τὴν
932 2331 1031 2394 αἰτίαν

243 2439 247 2446 ’
351 2438 402 2514 τῆς
423 2435 460 2516 ἧς
482 2440 634 2501 κατειπεῖν
655 2440 707 2516 τῆς
729 2436 754 2502 τ’
776 2438 848 2518 ἐμῆς
870 2436 1046 2520 παρουσίας.

353 2537 421 2602 ἀλλ’
443 2540 556 2622 οὐγὰρ
579 2540 664 2604 ἐστιν
686 2541 770 2608 ὅστις
794 2540 846 2604 οὐκ
869 2542 1027 2605 ἐπίσταται

353 2640 394 2706 ot’
415 2644 520 2725 ἀρτίως
543 2643 679 2708 πέπονθα
702 2641 749 2708 καί
771 2643 964 2728 συνασχαλᾷ,

353 2745 408 2830 οὐχ
430 2748 534 2829 ὥσπερ
557 2747 586 2811 οῖ
609 2749 761 2826 συνῆλθον
783 2749 814 2813 ἐς
836 2748 935 2829 κρίσιν
956 2746 1024 2811 τότε

354 2849 550 2929 θτιμάσοντες
572 2851 625 2915 τδν
646 2853 717 2933 πρὶν
739 2849 953 2930 ἠτιμασμένον,

355 2953 422 3019 έᾶτε
444 2952 707 3037 σιγᾶνμνήμοσιν
728 2959 835 3038 μυχοῖς
857 2958 976 3034 φρενῶν

355 3057 374 3120 δ
396 3063 449 3122 νῦν
471 3057 619 3122 κέκευθεν·
650 3059 678 3122 εί
700 3058 733 3121 δὲ
755 3055 906 3143 πειρῴμην
928 3057 1032 3139 λόγοις

354 3159 434 3225 ταῦτ’
456 3162 631 3243 ἐμφανίζειν
653 3166 716 3227 τοῖς
736 3160 834 3241 μάτην
856 3160 1020 3242 όδόρμασιν

354 3263 408 3344 ἥδη
432 3267 595 3344 κεκμηκώς,
615 3268 735 3346 μῖιλλον
757 3262 795 3328 ἂν
817 3263 879 3328 τότ’
901 3263 1031 3343 ἆσθενὴς

356 3368 442 3435 αὐτὸς
465 3370 604 3449 φανείην,
627 3366 660 3434 δς
681 3367 804 3449 πάρειμι
825 3367 948 3449 μείζονα

357 3472 451 3552 ἀλκὴν
473 3469 611 3553 παρέξων
633 3475 695 3537 τοῖς
717 3468 787 3553 πρὶν
809 3470 1035 3549 ἀλκιμωτάτοις,

357 3574 406 3643 οδς
428 3576 501 3658 ἔργα
523 3580 576 3640 νῦν
598 3576 719 3657 ἀνδρεῖα
741 3580 914 3652 τολμῶντας
935 3574 1017 3658 λέγω

356 3680 464 3762 τρόπον
486 3685 635 3762 γυναικῶν
656 3677 697 3761 μὴ
722 3679 902 3756 καπηλεύειν
923 3678 1032 3762 μάχην.

1174 346 1214 408 22

1077 3793 1104 3828 Η.
1119 3793 1189 3830 m.
