3010 4494
628 404 844 454 OXONIENSIS

234 561 410 638 scriptume,
435 581 557 622 morem
578 561 705 640 ignoras
726 563 888 640 legemque
908 561 1066 641 malignus

235 660 399 736 scribendi,
422 663 531 721 neutro
553 661 587 720 in
608 681 741 722 numero
761 661 789 721 si
809 660 910 721 credis
930 660 1032 722 inesse

234 761 300 818 tam
321 758 473 819 timidum
494 779 693 838 quemquam,
717 762 753 820 ut
774 780 840 820 non
860 759 904 819 sit
923 759 1066 838 iugulare
1086 763 1215 836 paratus

235 858 419 933 scriptorem
440 857 580 935 scriptor,
606 878 668 935 quo
689 879 722 919 se
743 858 889 934 prodesse
910 861 1071 935 perempto

235 955 400 1016 crediderit
420 957 546 1017 Romae.
590 959 832 1018 verumtamen
853 956 964 1033 accipe,
985 977 1058 1018 vere

235 1055 295 1114 hoc
315 1054 426 1114 dicam.
470 1074 572 1130 nemo,
596 1075 689 1116 nemo
710 1058 759 1116 est
779 1055 835 1132 qui
855 1055 964 1116 scribit
983 1055 1116 1132 ineptue

233 1156 341 1212 excute
361 1172 429 1227 nos,
454 1154 556 1213 totam
577 1173 687 1215 censor
708 1153 909 1230 circumspice
931 1155 1090 1216 turmam:

234 1253 309 1310 tune
331 1270 432 1310 unum
453 1250 505 1311 hic
525 1251 635 1326 cemiS,
659 1251 802 1328 placeant
822 1252 874 1310 cui
894 1251 1019 1311 sordida
1039 1271 1154 1327 rerum,

234 1349 288 1426 qui
309 1349 394 1409 secio
416 1349 563 1426 invideat,
588 1349 643 1426 qui
663 1369 696 1409 ee
717 1348 842 1409 iactauit
863 1348 996 1425 inepte?

232 1447 284 1507 hic
305 1467 400 1507 nemo
419 1449 475 1522 est,
493 1447 671 1525 pariterque
690 1465 809 1523 eumue,
830 1447 944 1508 chorus
964 1447 1075 1523 omnis,
1092 1448 1239 1509 honesti!

1088 1575 1201 1610 W.R.E

703 2107 768 2148 xxx

492 2199 577 2283 Ἔαρ,
600 2201 727 2283 φίλιστε
749 2207 859 2283 μηνῶν,

491 2307 567 2387 γέλα
590 2310 684 2387 κορῶν
706 2303 831 2387 γέλωτα,

497 2409 601 2474 ἔπειτα
623 2407 649 2473 δ’
672 2410 704 2472 ἐκ
726 2411 860 2492 γέλωτος

497 2518 590 2594 κορῶν
614 2513 653 2577 σὺ
674 2518 765 2592 λεῖβε
787 2511 887 2594 δάκρυ.

494 2616 555 2698 ἔαρ,
577 2622 651 2697 πρὸς
673 2614 735 2680 dira
756 2617 836 2698 τάμὰ

494 2721 642 2800 ἐρωτικῶς
665 2719 697 2786 ὃς
721 2720 827 2802 ἕρπεις,

493 2821 617 2906 λέγοντί
637 2848 689 2902 μοι
712 2825 822 2905 φόβων
845 2848 877 2888 τε

494 2925 539 3006 ἠδ’
563 2928 695 2993 ἐλπίδων
718 2926 851 3009 ἀριθμόν,

493 3037 593 3111 μηνῶν
617 3032 669 3112 ἔαρ
691 3032 826 3114 φίλιστε,

494 3133 614 3216 γέλωτα
636 3137 836 3218 χρυσοφεγγῆ

496 3237 599 3303 ἔπειτα
622 3238 646 3302 δ’
671 3238 756 3304 εὐθὺς
778 3238 865 3318 ἥσεις

494 3343 699 3424 χρυσόρρυτον
721 3340 761 3405 σὺ
783 3340 885 3424 δάκρυ.
