3004 4520
629 345 843 394 OXONIENSIS

677 965 797 1005 CXXXVI

280 1060 350 1120 Nox
370 1063 438 1119 erat
458 1060 577 1120 excelsa
598 1081 698 1138 quum
718 1081 773 1120 rex
793 1061 1000 1121 moribundus
1021 1062 1055 1120 in
1075 1082 1143 1122 arce

281 1158 380 1217 multa
402 1158 531 1218 domum
552 1161 689 1219 maestus
710 1159 831 1236 gemuit
851 1159 918 1219 sine
938 1161 1025 1236 prole
1046 1161 1194 1220 relictam.

279 1260 372 1334 atque
393 1257 442 1316 illi
462 1257 578 1333 pariter
597 1279 654 1335 per
674 1259 742 1318 dira
762 1258 887 1318 silentia
908 1259 1044 1336 gressi-

281 1375 355 1415 nam
376 1356 496 1415 caelum
516 1376 551 1415 ac
572 1358 670 1416 terras
690 1377 753 1417 nox
774 1357 960 1433 intempesta
982 1359 1117 1419 tenebris

280 1453 577 1514 miscuerat-vasto
598 1455 765 1515 sublimem
785 1477 824 1515 ex
844 1476 976 1533 aequore
996 1477 1109 1517 navem

281 1549 449 1628 (incertum
471 1552 554 1613 caelo
575 1573 616 1612 an
636 1554 758 1631 pelago)
779 1553 893 1628 videre,
908 1555 1046 1615 draconi

281 1651 364 1709 alato
385 1651 530 1726 similem,
555 1652 605 1711 cui
625 1652 715 1710 miris
736 1652 842 1712 crebra
863 1653 1003 1712 relucent

282 1750 419 1808 transtra
439 1748 534 1808 viris:
556 1750 714 1826 oculisque
736 1750 831 1809 simul
851 1749 905 1810 vix
925 1751 993 1810 visa
1015 1750 1148 1811 recessit.

282 1847 331 1905 illi
352 1848 456 1906 autem
477 1850 587 1923 portus
608 1868 688 1925 quos
709 1848 800 1907 alluit
821 1848 904 1908 unda
925 1850 1069 1909 reductos

284 1945 379 2004 delati
398 1945 521 2021 petiere,
546 1948 635 2005 aestu
655 1947 687 2004 et
708 1948 853 2022 surgente
873 1947 1023 2006 videbant

283 2047 319 2102 ut
340 2043 442 2102 maior
461 2063 609 2121 magnam
630 2064 755 2120 semper
774 2046 973 2120 provolveret
993 2045 1111 2104 undam

283 2143 367 2200 unda
388 2143 619 2218 superveniens,
644 2143 720 2202 dum
742 2142 873 2219 denique
894 2163 978 2203 nona
999 2143 1121 2203 sonoris

283 2241 411 2301 vocibus
433 2240 517 2299 unda
536 2241 683 2316 fremens,
708 2243 774 2300 toto
795 2240 899 2317 gravis
920 2242 1064 2318 aequoris
1085 2244 1180 2315 aestu,

284 2339 403 2399 tardior
424 2339 595 2398 attrahitur
617 2341 769 2416 ruptaque
790 2339 946 2399 imm0nsa
966 2341 1122 2416 fragorem

284 2438 366 2496 mole
388 2437 481 2512 dedit,
505 2438 693 2513 flammaque
715 2437 818 2497 omnis
839 2438 1008 2514 crepitante
1029 2441 1177 2498 coruscat.

285 2537 339 2595 sed
359 2537 472 2595 fluctus
494 2535 578 2595 inter
598 2535 717 2595 medios
737 2535 935 2612 flammisque
955 2536 1083 2595 volutus

285 2634 384 2693 fertur
404 2654 485 2710 aqua
505 2635 609 2694 nudus
629 2633 821 2711 pedibusque
842 2634 990 2693 allabitur
1010 2633 1122 2693 infans.

286 2752 380 2809 quem
401 2732 505 2793 subito
526 2735 613 2792 vates
634 2734 813 2807 correptum
834 2732 962 2791 sustulit
983 2731 1083 2791 undis.

287 2834 377 2903 ‘rex‚'
399 2831 450 2904 ait,
478 2830 547 2888 ‘hic
568 2829 675 2889 nobis:
704 2829 757 2888 hic
777 2829 844 2888 divi
864 2829 1027 2906 sanguinis
1048 2828 1158 2889 heres’

287 2927 360 2986 talia
381 2927 509 2987 iactanti
529 2947 666 2988 convexa
685 2928 719 2986 in
740 2927 833 2987 litora
853 2926 919 2986 vati

286 3025 389 3100 prima
410 3025 495 3084 subit
514 3025 638 3085 fervens
658 3027 691 3085 et
711 3024 973 3085 circumfunditur
993 3025 1077 3101 ipsos

288 3124 371 3182 unda
392 3125 501 3198 pedes:
530 3143 603 3182 mox
624 3125 793 3200 tempestas
814 3123 984 3199 tranquilla
1004 3126 1146 3184 secutast.

1106 3235 1125 3268 J·
1140 3235 1171 3267 W.
1185 3236 1213 3268 Μ,
