3010 4494
630 370 846 421 OXONIENSIS

691 551 779 594 XXXV

398 647 508 708 suala
527 645 615 725 regni
635 647 699 708 fida
719 645 904 723 Britannici,

395 745 535 824 Argylle,
560 748 669 806 cautus
689 766 747 806 neo
766 745 881 823 populo
901 744 999 806 nimis

437 844 586 904 obsistere
606 844 738 904 instanti
759 846 927 918 memento,

478 963 536 1003 nee
556 943 668 1003 timida
688 944 762 1004 dare
782 943 871 1004 frena
891 943 1007 1020 dextra

397 1041 556 1119 utrimque
577 1041 669 1102 iustis
689 1041 846 1102 limitibus
865 1041 996 1102 modum

398 1139 488 1199 finire
509 1140 647 1216 prudens
658 1161 666 1215 ;
693 1139 784 1200 laude
806 1139 981 1201 faventium

437 1236 597 1312 immotus,
620 1236 772 1315 infidique
794 1240 940 1298 constans
964 1222 971 1236 ⁴

478 1334 681 1412 opprobrium
701 1336 833 1396 tolerare
853 1335 949 1414 vulgi.

398 1433 521 1493 munita
541 1436 627 1511 gesta
647 1436 780 1510 pectora,
804 1453 844 1494 ne
865 1434 950 1494 diem

399 1534 567 1608 praeponat
588 1531 664 1591 anni
685 1533 777 1592 turba
797 1533 939 1611 negotiis,

439 1648 585 1690 curamve
605 1628 741 1706 depellat
761 1629 822 1690 diei

479 1747 552 1804 prae
574 1727 687 1787 studiis
708 1726 859 1805 fugientis
877 1728 980 1790 horae.

398 1825 482 1885 inter
502 1825 623 1884 furores
643 1845 704 1886 vox
724 1827 779 1886 tua
800 1827 913 1888 eivioos

400 1943 456 1984 oeu
477 1944 602 1984 carmen
623 1926 707 1985 auris
727 1928 881 2001 personet,
905 1926 1065 2002 improbus

440 2023 516 2083 dum
537 2023 654 2082 elamor
673 2023 811 2083 alternae
832 2023 988 2084 tumultus

478 2121 651 2198 ingeminat
672 2122 847 2198 regeritque
869 2121 962 2183 rixae.

401 2222 433 2280 at
454 2223 489 2280 tu
511 2219 613 2298 sagaci
634 2220 765 2279 oonsilio
785 2222 897 2297 potens

400 2318 445 2378 sio
465 2320 554 2379 flecte
574 2339 681 2378 rerum
702 2321 779 2396 quot
798 2319 927 2380 venient
947 2319 1031 2380 viees

442 2419 479 2476 ut
498 2416 577 2494 legis
598 2417 775 2494 aeternique
797 2417 918 2477 discant

481 2514 615 2574 foederis
634 2514 669 2574 in
690 2535 858 2576 numerum
879 2516 1008 2577 moveri.

1104 2627 1131 2661 Η.
1147 2625 1169 2660 E.
1183 2628 1205 2660 Τ.

688 2789 789 2842 mvr

240 2895 354 2969 Gadita,
379 2896 472 2956 turba
492 2895 615 2957 minor!
651 2896 727 2974 quid
746 2917 840 2974 quem
860 2917 917 2959 sua
936 2897 1075 2974 praemia
1095 2897 1198 2958 laudis

281 3013 315 3054 ae
335 2997 410 3055 tuus
430 2994 570 3056 ineendit
588 2997 722 3072 pectora,
746 2995 880 3070 Phoebe,
904 2996 1000 3071 furor,

240 3092 291 3152 aui
310 3093 410 3153 facilis
431 3113 543 3169 sermo,
568 3093 674 3154 faciles
695 3094 790 3154 risere
812 3095 964 3155 Camenae

281 3191 460 3269 ingeniique
481 3190 573 3252 bonis
594 3192 776 3252 conciliatus
797 3212 894 3268 amor,

241 3289 268 3346 si
289 3289 367 3349 solio
387 3289 525 3365 fratrem,
548 3289 662 3350 Parthi
683 3291 720 3349 de
741 3310 837 3362 more,
861 3291 999 3367 repellat,

280 3407 337 3447 nee
358 3387 478 3448 socium
498 3387 588 3465 regni
607 3387 795 3449 sustinuisse
815 3390 928 3465 queat;

241 3485 344 3545 fronte
364 3489 452 3562 gerat
472 3485 598 3560 fastum,
621 3486 755 3547 livorem
775 3490 907 3564 pectore,
930 3488 962 3548 et
984 3487 1067 3563 artis,

281 3583 387 3644 enisus
408 3584 522 3661 quibus
543 3588 598 3661 est,
623 3585 723 3646 oderit
744 3585 810 3661 ipse
831 3605 924 3661 suas;

242 3680 341 3742 elevet
360 3683 480 3743 urbano
502 3682 576 3758 risu,
600 3683 764 3761 laudetque
785 3684 942 3762 maligne;

282 3783 428 3862 provocet
447 3781 587 3841 infensos
607 3781 752 3842 blandior
772 3782 839 3858 ipse
858 3782 959 3856 sales;
