3010 4494
640 375 857 424 OXONIENSIS

698 836 792 880 xxvn

375 937 555 1014 Τυραννικδν
576 931 638 997 τόδ’
662 931 752 1015 ἔργον
775 935 931 1015 εἴργασται
955 933 1061 1013 φόνου,

375 1032 476 1100 ἄλλως
498 1033 554 1110 μὲν
576 1031 629 1096 οὖν
652 1033 804 1115 ἔχθιστον,
829 1031 879 1098 οθς
901 1029 926 1096 δ’
950 1031 1120 1114 ἀπέθρισεν,

374 1137 520 1220 ἄλγιστον
544 1139 635 1201 ἐλθὸν
658 1139 699 1200 ὧν
722 1135 856 1215 ξόνοιδεν
878 1136 932 1222 ἥδε
954 1139 1003 1217 γῆ.

374 1242 402 1303 οἱ
424 1243 482 1322 γάρ
503 1245 668 1323 πανοῦργοι
692 1242 741 1305 καὶ
762 1241 922 1322 μιαιφόνοι
946 1241 1030 1306 κόνει

374 1343 422 1410 οὓς
437 1343 481 1423 δὴ
504 1341 548 1408 ’πὶ
570 1342 650 1422 τήνδ’
675 1345 801 1409 ἔστειλα
823 1348 962 1425 δυσσεβῆ
985 1343 1084 1428 χάριν,

375 1446 422 1512 καὶ
445 1446 526 1530 κάρτ’
550 1449 684 1526 ἐλεινῶς,
706 1447 834 1513 θάνατον
856 1447 1004 1514 αάδῶντες
1027 1447 1147 1526 τέκνων,

373 1551 514 1633 δάκρυσιν
537 1552 649 1633 ἔφυρον
669 1551 769 1616 πάντα
792 1552 840 1615 καὶ
863 1554 946 1634 γόοις
968 1553 1071 1635 λόγον.

373 1657 389 1718 ὁ
410 1655 466 1734 μέν
488 1657 546 1738 γδρ
567 1653 680 1738 ἤρχεθ’,
704 1653 809 1736 ἅτερος
831 1653 857 1719 δ’
879 1653 1060 1736 ὑφήρπασεν

372 1757 479 1840 λέγων,
502 1759 616 1823 ἔκειντο
639 1758 664 1823 δ’
687 1757 737 1823 ὧδ’
759 1757 804 1838 ἄρ’
828 1760 857 1822 οἱ
881 1764 1052 1841 νεοτρεφεῖς

373 1859 464 1944 ἀβροὶ
486 1863 619 1937 νεοσσοί,
644 1864 742 1945 πῆχυν
766 1861 911 1941 ἀλλήλων
933 1861 1021 1943 πέριξ

373 1964 480 2047 χέαντε
502 1965 618 2044 λευκόν,
642 1967 756 2046 ἀσεβές
780 1965 864 2030 οὐδὲν
887 1966 992 2031 εἰδότε.

373 2069 420 2134 καὶ
442 2070 502 2149 μὴν
522 2070 559 2135 τὰ
581 2071 681 2152 χείλη,
703 2068 828 2151 τέσσαρ’
849 2071 881 2132 ἐκ
905 2075 988 2134 δυοῖν
1011 2071 1084 2148 δμοΰ

372 2171 516 2254 πεφυκόθ
538 2174 641 2254 ὥσπερ
664 2171 700 2252 ἔξ
720 2176 787 2240 ἑνὸς
810 2177 926 2239 κλωνὸς
946 2173 1031 2256 ῥόδα,

372 2277 471 2355 θερινὴ
495 2275 622 2359 ξυνῆγεν
644 2278 684 2342 ὥς
706 2303 752 2344 τις
774 2275 811 2356 ἔξ
831 2278 943 2358 ἀμφοῖν
965 2275 1052 2355 πνοή.

372 2377 408 2458 ἦν
431 2380 456 2444 δ’
478 2379 532 2444 οὖν
554 2383 617 2445 ἐκεῖ
636 2407 682 2447 τις
704 2381 838 2460 πλησίον
859 2379 1012 2461 παρηίδων

371 2483 486 2564 βίβλος
508 2490 694 2567 προσευχῶν,
715 2481 734 2562 ἣ
758 2485 869 2566 σχεδόν
891 2486 922 2548 τί
942 2511 993 2564 μοι
1016 2483 1089 2550 τέως

370 2589 490 2668 γνώμην
513 2587 649 2669 ἔτρεψεν·
680 2586 750 2650 ἀλλ’
774 2588 874 2668 ἀραῖος
897 2587 942 2669 ἀρ’
965 2588 1035 2669 ἐγώ.

373 2691 464 2754 εἰπὼν
485 2689 576 2770 ἔληξε
597 2688 689 2772 ταῦθ’,
711 2692 727 2754 ὁ
750 2690 776 2755 δ’
798 2689 909 2770 ἤνυσεν
930 2692 1035 2773 λόγον·

372 2795 498 2857 ἐνταῦθα
520 2793 556 2871 δὴ
579 2794 737 2876 πνίγοντες
762 2792 971 2875 ἔξαπόλλυμεν

370 2897 478 2975 ἥδιστα
500 2896 622 2977 φύσεως
644 2897 727 2979 ἔργα,
749 2897 912 2977 παγκοίνου
935 2901 1014 2972 θεᾶς,

369 3001 499 3083 χαρίτων
520 3027 554 3064 τε
577 3001 612 3080 δὴ
636 3000 819 3081 πληρέσταθ’
842 3002 884 3064 ὧν
906 2999 1007 3081 ἔφυσέΙ
1026 3025 1081 3064 πω.

371 3105 418 3167 καὶ
441 3103 477 3183 δὴ
499 3101 615 3184 βεβᾶσ’
640 3105 786 3169 ἐντεῦθεν·
819 3105 851 3168 ἔκ
874 3103 899 3167 δ’
922 3105 1036 3184 ἀμφοῖν
1059 3103 1116 3186 ἄρα

369 3211 420 3270 τὸν
443 3205 558 3271 πλείον’
582 3205 753 3288 έξαφείλετ’
776 3207 904 3291 αίοχόνη
927 3199 1031 3289 λόγον.

369 3311 427 3392 ἔγδ
451 3309 476 3374 δ’
498 3311 586 3392 ἀφείς
608 3337 655 3374 νιν
679 3309 804 3395 κοιράνῳ
826 3310 989 3392 πορεύομαι

368 3417 483 3479 τοιόνδε
506 3419 620 3498 πρᾶγος
643 3415 683 3499 τῷ
701 3415 852 3500 μιαιφόνῳ
877 3415 988 3497 φέρων.

1144 3530 1168 3567 ι.
1180 3530 1204 3566 ο.
