3010 4494
637 327 852 376 OXONIENSIS

700 657 783 698 XLIII

404 767 493 827 Eheu
514 770 654 828 vetustas
675 769 838 830 Pieridum
860 771 969 830 domos

404 869 494 942 urget
514 887 569 943 per
589 887 702 927 aevum
722 888 785 927 nox
806 869 990 929 taciturnior

444 965 479 1023 ni
500 965 579 1025 forte
601 966 743 1026 desuetos
765 967 881 1026 doloris

485 1063 627 1140 improba
646 1064 695 1124 vis
716 1083 864 1125 numeros
887 1065 1028 1125 resolvat

405 1163 503 1221 testor
524 1162 680 1238 nigrantis
702 1164 839 1223 culmine
860 1164 1012 1241 Delphico

405 1259 510 1331 silvas,
533 1263 566 1319 et
586 1260 648 1320 alte
670 1261 837 1338 Carpathio
856 1262 977 1321 insulas

443 1362 540 1437 ponto
561 1360 737 1435 eminentis,
761 1364 793 1419 et
814 1361 971 1421 Minervae

486 1477 564 1533 quae
586 1457 688 1534 gelido
708 1462 791 1517 secat
812 1479 906 1518 amne
926 1479 1000 1518 rura

406 1554 528 1631 Ilissus,
551 1559 584 1615 et
605 1558 635 1615 te
656 1556 798 1634 margine
820 1558 911 1618 devio

406 1653 460 1729 qui
480 1655 583 1714 volvis
604 1674 680 1714 auro
701 1655 833 1714 flumina
854 1656 1000 1715 turbidus

444 1753 617 1824 Marandis,
638 1772 695 1813 vos
716 1756 840 1812 montes
860 1754 973 1812 sacrati

486 1852 632 1925 carmine,
656 1855 724 1910 tam
744 1851 865 1912 validos
885 1853 986 1928 poetis

410 1951 464 2025 qui
484 1950 662 2009 concitastis
682 1953 809 2026 pectora
828 1949 863 2008 in
882 1949 1039 2025 impetus;

412 2069 469 2110 vos
489 2048 627 2108 fontium
647 2049 758 2122 undae,
782 2068 945 2107 murmure
966 2068 1044 2126 quae
1065 2051 1152 2127 gravi

446 2147 523 2207 olim
545 2146 730 2223 strepebatis
750 2166 807 2222 per
827 2146 973 2206 umbram

486 2265 580 2323 quam
601 2247 746 2305 veterum
766 2244 866 2320 pietas
887 2244 1014 2306 colebat.

406 2346 504 2405 donec
525 2344 622 2422 priori
642 2344 715 2404 sede
736 2343 938 2403 Heliconides

404 2463 521 2503 cessere
542 2445 686 2516 maestae,
711 2443 808 2502 Parca
829 2442 895 2502 suis
916 2441 1013 2502 simul

444 2562 553 2603 aversa
574 2541 666 2601 Grais
685 2541 854 2616 invidebat,

485 2644 517 2700 et
538 2639 645 2699 Latios
666 2639 781 2715 petiere
803 2657 940 2715 campos.
992 2693 998 2705 ,

405 2760 514 2816 rogum
535 2740 688 2800 Camenae
710 2738 828 2797 scilicet
847 2738 962 2814 impios

405 2839 495 2897 odere
516 2837 623 2912 fastus,
648 2836 747 2913 plebis
767 2836 916 2895 inertiam

446 2937 596 2995 damnant
616 2936 749 3012 eaedem,
773 2954 851 3012 quae
872 2933 1012 3010 superbit

485 3034 590 3094 vincla
610 3053 667 3094 suo
687 3032 874 3110 imposuisse
895 3032 992 3094 collo:

408 3152 481 3192 mox
502 3136 538 3191 ut
558 3132 689 3191 Latinae
710 3133 845 3190 cesserat
863 3129 985 3190 indoles

406 3230 526 3290 excelsa
546 3230 656 3306 gentis,
680 3228 848 3288 consilium
869 3228 934 3288 deis

448 3327 529 3387 sedit
549 3327 778 3387 Britannorum
799 3327 903 3386 refuso

489 3425 590 3484 cincta
610 3425 677 3486 solo
697 3444 838 3502 reparare
859 3445 940 3484 saxa.
