3052 4496
650 347 866 395 OXONIENSIS

717 524 793 565 nxvr

386 610 432 672 Οὐ
455 613 513 676 πᾶς
536 612 650 677 δίκαιός
673 611 737 675 ἔσθ’
761 615 778 675 ὁ
799 611 840 691 μὴ
864 610 964 677 ’δικῶν
986 612 1061 687 τινά,

384 713 454 776 ἀλλ’
477 715 571 793 ὅστις,
595 713 665 794 ἐξὸν
688 719 761 796 δρᾶν
785 724 891 793 κακῶς,
914 717 954 797 μὴ
977 716 1124 795 βούλεται

382 821 486 882 τοῦτον
508 819 624 882 δίκαιον
648 819 756 884 ἔννεπ’.
803 819 856 882 οὐκ
879 817 1018 905 ἐπῄνεσα

386 921 455 983 ὅσοι
478 922 698 999 καπηλεύοντες
721 922 884 1004 ἀπέχονται
909 927 1034 1001 κλοπῆς,

386 1024 456 1086 ἀλλ’
479 1027 505 1088 εἰ
529 1024 644 1102 κλοπήν
666 1051 711 1091 τις
732 1032 866 1108 χρηστὸς
889 1025 930 1090 ὢν
953 1025 1141 1108 ἀπεστράφη,

385 1126 428 1190 ὅτ’
451 1129 567 1212 αἰσχρὰ
589 1133 772 1209 κερδαίνοντι
794 1128 956 1195 λανθάνειν
978 1135 1087 1211 παρῆν.

384 1233 455 1294 αἰνῶ
479 1235 512 1295 δὲ
535 1237 634 1296 κεῖνον
656 1234 741 1299 ὅστις
763 1232 808 1314 ἀν,
831 1235 1022 1301 καταπτύσας

384 1334 518 1414 πλήθους
541 1337 566 1397 τ’
589 1337 731 1418 ἀμούσου,
753 1338 902 1419 δημόθρον
923 1337 948 1403 τ’
971 1338 1126 1418 ἀβουλίας,

384 1439 471 1504 αὐτὸς
493 1439 562 1521 παρ’
584 1443 661 1525 αὐτῷ
685 1442 740 1520 τὴν
763 1443 863 1524 κρίσιν
886 1443 1073 1522 ποιούμενος,

384 1543 460 1608 εἶναι
483 1545 594 1609 δίκαιος
616 1549 737 1622 μᾶλλον
759 1543 777 1625 ἢ
801 1551 901 1610 δοκεῖν
924 1546 1007 1632 θέλῃ.

1132 1665 1152 1698 J,
1167 1664 1192 1697 Y.
1202 1664 1221 1698 S.

709 1802 798 1842 LXVII

375 1889 445 1947 Iam
467 1890 530 1949 lata
551 1889 638 1949 sedes
660 1889 774 1949 deserit
795 1889 923 1948 ultimas

374 1987 437 2059 nix,
460 1989 493 2046 et
512 1987 645 2048 virentis
664 1986 771 2047 vivida
791 1986 949 2062 pullulant

415 2086 543 2145 arbusta
563 2105 619 2160 per
639 2085 760 2158 sulcos;
792 2085 850 2144 sub
872 2085 958 2144 ornis

454 2183 518 2243 iam
539 2183 666 2243 latitant
686 2183 787 2242 violae
809 2184 965 2244 rubentes.

373 2282 478 2340 crebra
498 2282 663 2342 volucrum
684 2302 758 2342 voce
780 2286 871 2342 sonat
891 2302 1002 2342 nemus

371 2380 527 2457 vestitque
549 2380 640 2457 longe
661 2383 751 2456 prata
772 2400 879 2440 recens
899 2382 992 2456 color,

414 2479 568 2554 sudaeque
588 2499 758 2540 vanescens
779 2479 814 2538 in
834 2499 925 2538 auras

454 2577 585 2654 pignora
606 2578 672 2637 sola
693 2578 743 2637 sui
763 2578 912 2654 relinquit

372 2674 483 2735 alauda
504 2678 629 2735 cantus:
661 2695 745 2734 nunc
765 2695 821 2750 per
841 2695 933 2753 agros
954 2674 1062 2735 tremit

373 2773 519 2849 lucosque
541 2774 657 2848 lumen,
681 2773 817 2833 vallibus
838 2775 869 2832 et
889 2793 983 2849 pecus

413 2871 558 2931 albescit:
586 2872 737 2948 effulgent
757 2864 816 2946 per
834 2871 935 2930 amuis

451 2990 507 3045 per
527 2988 612 3028 mare
632 2968 812 3028 candidiora
832 2968 909 3028 vela

370 3086 497 3142 mergus
519 3086 646 3126 canores
666 3086 752 3125 nunc
773 3066 907 3141 liquidos
928 3067 987 3126 ciet

370 3168 403 3224 et
424 3165 532 3242 glauca
553 3165 635 3224 saltu
656 3165 771 3225 dividit
791 3184 932 3241 aequora,

412 3263 594 3339 caelumque
615 3264 774 3322 mutantes
796 3282 936 3322 amorem

453 3362 516 3420 iam
536 3361 680 3422 volucres
701 3363 907 3438 repetuntque
927 3363 1035 3423 nidos:

369 3459 484 3519 vivunt
504 3461 676 3536 vagantur:
706 3479 765 3518 nos
786 3479 908 3536 quoque
929 3461 1064 3537 percutit

369 3575 453 3616 nunc
474 3578 589 3618 vernus
611 3558 709 3631 ardor,
733 3557 819 3617 floris
840 3561 872 3618 et
892 3560 1034 3619 aemulus

412 3656 532 3731 Aprilis
554 3656 588 3714 in
609 3656 726 3715 nostris
746 3655 873 3716 virescit

451 3752 628 3828 pectoribus
648 3754 814 3812 renovatus
835 3773 940 3829 angor.
