3010 4494
655 373 870 420 OXONIENSIS

731 589 786 628 XLI

302 684 336 741 Β.
382 681 469 745 ἀπτει
490 688 524 747 τὸ
546 689 613 764 πῦρ.

302 789 333 847 Γ.

638 787 727 869 τύφει
749 785 774 851 δ’
796 787 974 871 ἀνηφαίστῳ
996 785 1087 864 μένει.

388 890 422 953 ού
443 889 569 954 παύσετ’
592 890 676 956 εὐθὺς
698 893 752 958 τὰς
773 890 972 974 βαροφύχοος
994 889 1090 964 λιτάς,

388 992 504 1074 θρήνων
525 992 551 1057 τ’
573 995 716 1076 ὀδυρμοὺς
739 992 788 1058 καὶ
810 994 995 1077 γυναικείους
1017 995 1129 1075 γόους,·

388 1096 500 1178 θράσος
522 1104 659 1180 φιλοῦσι,
683 1099 962 1182 πύργονάνδρείας,
985 1100 1058 1173 θεοί,

388 1199 527 1268 καὶτοὺς
551 1201 815 1280 κατασκήπτοντας
838 1205 870 1266 έκ
894 1203 1007 1284 θρόνων
1030 1206 1139 1278 λιταῖς,

388 1303 498 1386 δάκρυα
519 1306 545 1368 δ’
568 1306 683 1386 ἀμαυρὰ
706 1304 754 1369 καὶ
777 1313 896 1388 φρενῶν
918 1306 1055 1386 ἀθυμίαν,

389 1408 479 1473 ὠδῖνα
501 1410 613 1488 δισσὴν
635 1412 758 1476 ἐλπίδος
781 1414 881 1488 κακῆς,
905 1409 990 1490 ἕδρας

389 1511 500 1588 σεμνὰς
522 1518 657 1594 γελῶσιν
678 1512 801 1593 ἡσύχως
825 1511 994 1590 καθήμενοι.

388 1615 434 1677 καὶ
455 1615 515 1694 μὴν
538 1616 627 1698 ἔγωγ’
650 1614 768 1679 ἀκούεθ’
790 1615 829 1681 ῶς
851 1614 958 1680 αὐτοὺς
982 1623 1074 1680 καλῶ.

385 1717 474 1799 Ἀρες
497 1717 647 1800 κράτιστε,
669 1722 722 1786 τὰς
745 1719 802 1802 γὰρ
824 1719 908 1798 ἡνίας
932 1720 1013 1801 ἔχεις

389 1821 531 1903 πολέμων
552 1849 585 1886 τε
606 1822 730 1905 μάργων
754 1824 803 1886 καὶ
825 1824 1020 1887 πολυπλόκου
1042 1822 1151 1904 μάχης,

387 1932 505 2004 σεμνῶς
526 1925 564 1991 δι’
588 1931 686 1991 ἑλκῶν
709 1929 758 1991 καὶ
780 1935 892 2006 νεκρῶν
915 1929 1055 2008 έρειπίων

389 2027 501 2095 κελαίν’
524 2031 659 2094 ἑλίσσων
681 2029 796 2111 ἅρματ’,
819 2030 963 2112 εὔτροχον
985 2029 1062 2106 δέος,

388 2130 437 2196 καὶ
459 2127 637 2200 ναυστολεῖς
661 2134 823 2197 θάλασσαν
846 2135 1071 2214 αἱμοτόρρυτον,

389 2235 410 2298 ῶ
433 2237 502 2318 λῆμ’
525 2239 664 2314 ἀσοντον,
687 2236 711 2301 ῶ
735 2235 920 2318 σιδήροφρον
943 2235 1021 2316 κέαρ,

389 2341 516 2422 ἀγαθοὺς
538 2344 683 2423 γενέσθαι
706 2343 846 2424 κάγαθῶν
869 2341 985 2423 ἐχθρῶν
1007 2347 1119 2424 τυχεῖν,

390 2444 510 2526 πληγάς
532 2470 565 2508 τε
588 2450 690 2508 δοῦναι
715 2445 763 2509 καὶ
786 2447 898 2523 λαβεῖν
922 2443 1101 2524 ἐρρωμένως,

320 2532 323 2537 A
390 2545 438 2610 καὶ
460 2548 600 2629 τραύμαθ’
624 2551 672 2612 οῖα
693 2549 734 2627 μὴ
759 2552 857 2630 φυγῆς
880 2549 1040 2612 ἐπίσκοπα·

390 2652 504 2732 ἀμφοῖν
526 2655 560 2717 δὲ
582 2653 676 2732 θυμὸν
698 2657 748 2717 δὸς
771 2656 913 2732 στρατοῖν
936 2656 1111 2733 περισκελῆ,

389 2761 448 2818 τῶν
471 2761 535 2819 σῶν
558 2753 596 2819 ἵν’
619 2755 810 2838 αἰχμάζωμεν
833 2753 892 2833 ἄξι’
915 2755 1064 2834 ἀμμάτων·

392 2859 483 2936 ὁμὲν
506 2858 651 2938 πολέμιος
673 2858 879 2939 ἠμφιεσμένος
903 2858 1008 2938 κράτος

391 2961 499 3040 στήτω·
532 2964 695 3043 Βρεταννοὶ
717 2962 752 3036 δ’,
776 2961 826 3029 οὓς
849 2968 960 3041 φιλεῖς,
982 2966 1073 3041 βαιὸς
1094 2964 1181 3042 λεῶς,

390 3064 484 3147 τύχην
506 3064 529 3128 δ’
554 3067 658 3145 ὅμοιος
681 3062 729 3129 καῖ
751 3066 890 3146 φρόνημα
914 3066 963 3128 καὶ
986 3063 1107 3147 θράσος,

391 3169 526 3246 ἔλθωμεν
549 3170 591 3235 εἰς
613 3170 725 3251 ἀγῶνα·
757 3167 849 3234 ταῦτά
872 3194 909 3232 σε
932 3173 1059 3234 σκοπεῖν

391 3271 509 3350 πρέπει,
532 3279 652 3354 βραβεῶ
673 3272 821 3356 γοργωπέ,
845 3272 979 3337 κάντίδος
1003 3273 1090 3338 κλέος

391 3379 452 3441 τοῖς
474 3381 528 3440 νῦν
549 3376 759 3457 ἀριστεύουσιν
782 3378 815 3440 έν
835 3376 919 3461 μάχῃ
941 3377 1035 3458 δορός,
1191 3463 1194 3469 Ι

390 3484 444 3542 τὸν
466 3477 492 3543 δ’
513 3479 550 3542 αὖ
573 3480 663 3564 φόβῳ
686 3481 838 3562 φεύγοντα
860 3486 974 3562 γυμνὸν
996 3481 1125 3545 ἀσπίδος

392 3582 514 3662 κάτιμον
537 3584 742 3662 ἀνθρώποισιν
766 3581 863 3648 εἰσαεὶ
886 3583 971 3648 τίθει.

1124 3702 1157 3734 W.
1172 3701 1195 3734 R.
1209 3701 1228 3733 I·
