3052 4496
641 343 856 391 OXONIENSIS
1194 351 1249 411 123

287 504 459 561 eernuntur
479 501 570 562 nobis
591 501 770 578 aestivaque
791 522 915 579 gemma
936 522 1088 572 rosarum,

288 620 352 660 non
373 601 505 675 pecudes
525 600 632 675 laetae,
656 620 721 659 non
741 601 849 660 vultus
871 600 1077 677 habentiaque
1098 601 1199 661 instar

287 698 428 758 numinis
449 718 503 758 ora
523 698 638 758 virum.
681 699 736 758 sed
758 702 864 776 gratae
885 718 1016 758 munera
1036 699 1120 759 vitae
1230 725 1232 732 ·

286 799 435 873 perpetua
456 797 589 856 obducta
610 797 726 857 claudit
748 797 877 874 ealigine
899 797 1016 857 nubes:

287 895 474 956 circumfusa
492 895 573 955 nihil
593 895 708 972 speeies
728 895 940 971 pulcherrima
960 888 1065 955 rerum

287 995 395 1070 totque
416 1013 488 1052 suos
509 995 598 1054 dooet
619 995 785 1054 ostendens
806 996 919 1053 natura
939 994 1062 1054 labores

287 1091 362 1167 ipsa.
407 1091 491 1151 fuere
512 1092 593 1151 mihi
613 1092 797 1152 iamdudum
818 1093 894 1152 haee
915 1092 1039 1152 omnia:
1067 1097 1189 1154 cessant

287 1190 425 1250 lumina:
453 1190 643 1268 nequiquam
664 1191 722 1251 hae
744 1191 865 1251 aditum
886 1191 1038 1268 sapientia
1060 1193 1187 1270 quaerit.

1150 1303 1178 1338 Η.
1190 1303 1215 1336 R.
1303 1297 1310 1308 ’

718 1699 781 1739 Lxx

288 1797 360 1857 Non
379 1796 470 1856 aliter
491 1815 587 1872 quam
607 1814 680 1855 eum
701 1797 809 1855 nostro
830 1814 909 1871 quae
929 1794 1020 1854 litore
1041 1794 1138 1854 missa

328 1915 383 1971 per
403 1893 522 1953 medias
542 1893 663 1952 hiemes
683 1913 739 1968 per
759 1912 845 1950 mare
867 1893 957 1952 navis
978 1893 1023 1966 iit,

288 1992 342 2051 illa
363 1991 490 2068 quidem
510 1993 579 2051 tuto
600 1991 628 2049 si
648 2010 725 2067 quae
746 1992 838 2049 vocat
858 1990 962 2049 insula
982 1992 1076 2066 portu

327 2110 403 2167 eque
425 2089 525 2166 magis
546 2089 647 2149 nitido
668 2089 794 2148 suavior
815 2108 890 2147 aura
909 2089 990 2163 polo,

288 2188 423 2265 adpellit,
448 2187 646 2264 placidaeque
667 2186 840 2246 immobilis
861 2186 983 2247 innatat
1004 2187 1113 2260 undae,

328 2287 419 2347 navis
438 2288 470 2346 et
490 2287 524 2345 in
544 2287 630 2362 puris
652 2286 748 2345 altera
768 2286 852 2345 lueet
872 2284 980 2362 aquis:

286 2386 382 2461 spirat
403 2385 530 2445 odorato
552 2385 658 2444 mollis
680 2384 717 2443 de
739 2385 829 2444 litore
849 2387 971 2459 ventus

327 2485 424 2560 pinna
445 2483 516 2542 fluit
536 2484 601 2542 leni
620 2483 675 2543 vix
695 2483 813 2560 agitata
833 2485 969 2543 noto:—

288 2583 331 2641 sie
352 2585 397 2657 tu,
421 2602 516 2659 quam
538 2582 648 2642 eelerit
677 2582 810 2658 tetigisti
830 2581 923 2641 litora
943 2582 1020 2655 velo,

327 2681 421 2740 litora
442 2701 507 2739 non
528 2680 650 2740 tumido
672 2680 838 2739 sollicitata
858 2680 948 2754 mari,

200 2759 206 2770 ⁹
288 2779 404 2855 quique
425 2778 486 2838 fuit
506 2781 611 2838 tecum
631 2799 687 2855 per
707 2778 794 2837 mille
815 2778 953 2854 pericula
973 2777 1055 2837 vitae

327 2877 409 2936 fidus
430 2878 518 2936 adest
537 2877 637 2936 isdem
657 2896 741 2935 nune
763 2897 886 2953 quoque
906 2878 1015 2935 vectus
1035 2875 1133 2951 aquis.

289 2995 338 3035 me
359 2978 473 3050 tamen,
498 2976 573 3034 haee
593 2975 667 3034 finis
688 2975 738 3035 eui
758 2975 813 3034 vix
834 2973 970 3050 optanda
989 2974 1131 3033 laborum
1151 2977 1207 3046 est,

329 3073 466 3149 hospitio
487 3072 581 3132 tellus
602 3075 686 3132 arcet
707 3072 815 3148 iniqua
836 3092 912 3133 suo:

288 3171 415 3230 flamina
435 3170 593 3245 palantem
615 3171 761 3246 rapiunt:
790 3190 847 3229 nec
868 3171 970 3230 sidera
990 3171 1130 3248 fulgent:

328 3272 419 3345 rupta
441 3270 554 3327 noeent
574 3289 682 3346 aegrae
702 3269 773 3328 vela
793 3269 937 3345 latusque
958 3271 1017 3328 rat'

289 3367 383 3444 inque
405 3367 470 3427 dies
491 3367 643 3426 miserum
664 3367 746 3443 cogit
766 3368 815 3426 vis
835 3367 977 3442 improba
997 3368 1086 3443 ponti

329 3466 454 3543 longius
475 3468 597 3541 optatas
617 3465 790 3525 deseruisse
811 3466 887 3527 vias,

290 3563 336 3622 nil
356 3566 462 3622 tamen
483 3563 517 3622 in
536 3565 640 3623 vestra
661 3583 711 3622 me
732 3563 860 3623 laedunt
880 3564 935 3623 illa
955 3564 1072 3623 salute:

233 3717 241 3741 s
329 3663 502 3735 contentus,
526 3661 607 3721 salvi
627 3681 683 3722 vos
704 3662 796 3722 modo
818 3661 895 3737 sitis,
919 3681 981 3722 ero.

1116 3771 1140 3804 A.
1154 3771 1178 3803 1),
1191 3771 1214 3805 G.
