3010 4494
599 407 814 455 OXONIENSIS

258 561 448 626 πάντα-τὺ
469 569 532 646 γῶν
555 563 648 644 ἅδιον,
671 565 744 646 άτὰρ
767 564 854 628 πέλει
876 563 947 630 ἆδέα
969 563 1076 629 πάντα.

261 669 348 754 παδῆ
372 669 429 745 μὲν
453 668 527 732 κατὰ
551 668 654 733 κλιτὺν
674 670 752 746 ὕδωρ
776 667 853 746 άλις,
877 665 955 750 ἀμφὶ
979 669 1011 732 δὲ
1033 667 1147 732 πολλοὶ

261 770 413 853 ὠγυγίοις
435 773 570 853 τρόζοντι
591 771 750 838 πελειάδες
772 774 804 837 ἐν
826 772 1011 852 πτελέαισιν,

261 872 316 938 ταὶ
340 874 366 939 δ’
391 877 501 958 ἀθρόον
523 881 692 956 βομβεῦντι
714 873 782 942 ποτὶ
806 875 959 956 σμάνεσσι
980 875 1136 957 μέλισσαι.

1035 1011 1059 1045 G.
1071 1011 1095 1046 G.
1109 1011 1133 1044 A.
1147 1012 1173 1044 Ι.

695 1342 722 1380 11

188 1443 228 1500 B.
265 1436 353 1518 Πρδς
377 1443 430 1500 τοῦ
454 1436 479 1501 δ’
504 1437 685 1519 ἐπέμφθηςτ

189 1546 241 1606 Μ.
664 1547 714 1606 τοῦ
738 1547 977 1626 στρατηγοῦντος
1000 1543 1099 1606 πόλει.

186 1651 227 1707 Β.
265 1649 334 1711 τοῖς
357 1646 492 1728 πρόσθεν
514 1645 567 1710 οὐν
588 1646 619 1708 σ’
642 1648 782 1726 αἰτοῦμεν
804 1646 969 1729 ἀγγέλλειν
990 1647 1052 1721 ίσο,

266 1747 354 1833 μάχῃ
375 1747 406 1828 μ’
429 1752 554 1816 ἑλόντας
578 1751 642 1814 εἶτα
664 1753 806 1827 πωλῆσαι
828 1751 927 1829 δέμας.

265 1851 291 1916 ὦ
317 1855 389 1916 θεοί.

266 1959 301 2020 τί
323 1957 359 2036 δὴ
381 1958 483 2022 παθόν
506 1982 551 2024 τις
573 1959 687 2042 ἐγγελᾷ
707 1963 771 2024 τοῖς
788 1956 961 2036 τλῆμοσιν,·

268 2063 286 2122 ὁ
311 2059 337 2124 δ’
359 2060 411 2124 οῦν
432 2061 556 2128 λέοντος
580 2061 692 2126 οὐδέπω
714 2062 892 2140 τεθνηκότος

266 2164 351 2244 δέρμ’
374 2164 550 2244 ἐμπολήσας
573 2165 660 2230 ὤλετ’
679 2167 712 2228 ἐν
735 2163 811 2249 θῆρα
833 2165 946 2243 δαμείς.

267 2269 406 2335 πολλοὺς
427 2266 453 2333 δ’
475 2268 513 2332 ἂν
534 2269 625 2351 ἡμῶν,
648 2269 724 2333 οἶδα.
747 2265 884 2352 πατρῴας
906 2271 1018 2349 χθονὸς

269 2369 370 2452 τάφος
393 2372 552 2456 κατάσχοι·
583 2373 651 2439 τούς
675 2373 710 2450 δ’,
734 2375 823 2436 ὁποῖα
846 2370 979 2454 σήμερον

269 2474 429 2558 δράσουσι,
451 2481 550 2558 χαλκῆ
572 2477 678 2543 δέλτος
702 2475 880 2560 ἐγγραφεῐσ’
905 2477 974 2557 ἐρεῖ.

269 2579 301 2642 οἳ
324 2579 349 2642 δ’
369 2579 407 2644 δν
429 2587 528 2647 καλῶς
551 2581 691 2647 θανόντες
714 2582 747 2645 ἐν
768 2577 897 2642 Γάλλων
918 2577 999 2662 πέδῳ

267 2687 436 2764 κρυφθῶσι,
462 2685 567 2766 καίπερ
590 2687 622 2750 ἐν
645 2686 766 2765 κόπροις
787 2682 976 2763 τεθαμμένοι,

268 2786 342 2848 ἀλλ’
364 2787 496 2854 εὐκλεεῖς
518 2786 645 2871 γένοιντ’
668 2787 715 2866 όν,
739 2787 778 2852 ὣς
801 2789 831 2853 ἐς
855 2785 983 2867 οὐρανὸν

270 2888 380 2968 σήπων
402 2889 522 2971 ἆνέλξει
545 2897 661 2971 Φοῖβος
685 2892 819 2973 ἐντίμους
842 2890 969 2972 νεκρούς.

270 2998 399 3070 κομπεῖν
417 2995 443 3058 δ’
466 2995 558 3059 ἔασόν
579 2994 624 3075 μ’·
658 2998 724 3060 είπέ
747 2996 787 3080 τῷ
813 2991 1016 3079 στρατηλάτῃ,

269 3097 308 3160 οὐ
331 3095 423 3180 σχῆμ’
445 3102 547 3180 ἑορτῆς
570 3100 652 3164 ἀλλὰ
674 3096 758 3182 τᾶργ’
780 3098 852 3177 ἡμῖν
874 3096 1008 3178 πρέπειν

267 3200 367 3264 πάλαι
388 3199 445 3284 γὰρ
468 3203 594 3284 ὄμβροις
617 3209 760 3286 δυσχερεῖ
780 3201 806 3265 θ’
831 3204 908 3267 ὁδῦν
929 3199 1035 3284 πλάνῳ

270 3306 324 3380 τῆς
346 3306 462 3385 πρόσθε
484 3308 600 3388 χρυσῆς
622 3304 736 3371 πάντας
760 3305 914 3368 ἐλλείπειν
935 3305 1054 3386 χλιδῆς.

268 3405 334 3470 οὐδ’
356 3407 407 3472 οὐν
429 3407 557 3490 πτέρωμ’
581 3410 678 3489 εὕροις
700 3406 737 3471 δν
760 3408 889 3489 οὐδαμοῦ
912 3410 1094 3486 στρατοῦ,-

268 3507 349 3596 ᾗδῆ
372 3510 504 3575 πέποιθα
524 3511 627 3591 μηδέν’
650 3511 787 3594 ἅψεσθαι
810 3514 917 3593 φυγῆς·

271 3613 307 3675 τί
325 3611 359 3689 δ’,
383 3616 410 3679 εί
432 3620 486 3678 τδν
507 3613 566 3694 ἔξω
590 3616 704 3695 κόσμον
725 3614 880 3696 ἤμβλυνεν
903 3613 1013 3698 χρόνος
1025 3639 1036 3688 ,·

271 3714 348 3782 Ζεὺς
370 3717 428 3800 γὰρ
450 3716 596 3800 ξυνίστωρ
619 3719 657 3785 ὡς
679 3717 786 3800 θράσει
808 3717 835 3801 γ’
858 3716 1024 3797 ῆσκῆμεθα.

1108 3845 1136 3878 Δ.
1154 3845 1175 3879 S·
