3004 4520
602 395 818 443 OXONlENSlS

686 715 744 755 CLV

256 810 362 887 Carpe,
387 811 520 886 superba
541 810 645 886 nimis,
669 811 772 887 posita
792 811 970 886 formidine,
995 831 1163 872 somnum:

296 910 365 986 quis
386 910 489 969 solvat
509 909 634 969 rabidae
655 910 778 969 somnia
798 930 890 970 saeva
911 911 1001 970 leae?

255 1007 306 1067 hic
326 1007 441 1066 sedisse
463 1009 512 1068 sat
532 1010 581 1068 est
600 1008 807 1084 conclusaque
829 1008 917 1067 labra
937 1009 1020 1068 tueri

295 1125 374 1182 quae
393 1106 475 1165 bona
496 1108 672 1166 nescierunt
692 1107 782 1166 edere
803 1108 900 1167 verba
919 1107 1005 1167 viris.

255 1202 310 1262 illa
330 1204 467 1280 benigna
488 1205 615 1281 quidem
636 1225 700 1265 non
721 1209 777 1280 est,
801 1207 928 1266 innoxia
948 1208 1093 1265 tantum:

293 1303 369 1378 quid
390 1304 491 1380 magis
511 1303 571 1363 hoc
592 1304 707 1378 poterit
728 1305 820 1364 corda
841 1304 950 1364 iuvare
970 1305 1082 1380 proci?

253 1402 362 1476 aspice,
387 1421 465 1478 quae
485 1402 637 1461 miserum
658 1402 751 1461 toties
771 1403 929 1463 fraudavit
949 1406 1108 1462 amantem

293 1499 337 1558 sic
358 1519 466 1559 secura
486 1500 573 1573 iacet,
598 1501 734 1559 carmine
756 1504 845 1576 capta
866 1521 956 1560 meo:

253 1599 357 1658 almus
376 1602 409 1657 et
429 1618 468 1657 ex
489 1598 586 1658 oculis
607 1599 763 1674 adopertis
784 1598 915 1675 liquitur
936 1618 1035 1672 umor,

293 1717 383 1772 saepe
404 1695 506 1774 magis
526 1696 672 1756 lacrimas
693 1697 816 1756 somnia
836 1697 906 1756 luce
927 1700 1065 1757 movent.

252 1795 343 1868 adsis,
368 1814 485 1869 somne,
509 1797 564 1854 tua
585 1797 724 1854 mentem
746 1795 907 1854 dulcedine
929 1797 1079 1870 mutans„

294 1896 330 1952 ut
351 1912 440 1952 meua
462 1913 480 1952 a
500 1891 589 1970 vigili
610 1893 795 1969 respiciatur
815 1913 912 1954 amor.

1074 2007 1098 2038 Δ.
1113 2005 1140 2040 E.
1155 2006 1176 2039 c.

673 2343 745 2385 0LV1

249 2441 312 2499 Vix
332 2460 369 2500 ea
389 2439 474 2501 fatus
495 2444 568 2514 erat,
592 2441 721 2500 fremitu
742 2441 852 2516 strepit
869 2460 961 2501 omne
982 2445 1108 2518 repente

250 2538 425 2614 concilium,
450 2538 600 2615 deprensa
621 2538 705 2599 cavis
726 2558 781 2598 ceu
802 2539 932 2598 flamina
952 2540 1036 2600 saxis

250 2637 422 2697 miscentur
442 2637 567 2711 sonitu;
594 2640 726 2712 noctem,
751 2657 847 2713 quam
867 2638 969 2714 longa,
993 2637 1116 2698 ciebant

250 2735 305 2794 illa
325 2735 452 2812 quidem
473 2738 614 2811 pontum,
638 2736 702 2795 iam
723 2736 850 2795 tandem
873 2756 1037 2796 murmure
1058 2755 1150 2796 rauco

250 2833 379 2894 defessis
400 2833 532 2894 suadent
552 2834 657 2894 nautis
678 2833 780 2911 sopita
799 2833 949 2911 quietem,

250 2952 384 3009 quorum
405 2932 567 3010 navigium
588 2935 681 3009 atque
702 2933 779 2992 ratis
800 2933 860 2993 sub
881 2953 958 3009 rupe
979 2937 1087 2994 cavata

249 3035 320 3107 post
340 3033 560 3108 tempestatem
580 3033 666 3091 tenet
686 3051 815 3091 ancora:
842 3031 1003 3108 plauditur
1023 3052 1087 3092 una

249 3130 312 3189 dux
332 3130 387 3189 ubi
407 3129 550 3204 finierat3
578 3129 696 3207 placuit
716 3130 871 3189 sententia
891 3130 965 3191 Coei

248 3248 355 3303 pacem
377 3229 584 3303 ostentantis3
611 3230 757 3288 statuunt
777 3248 841 3287 11011
863 3227 929 3287 ulla
948 3248 1065 3289 novare

247 3327 364 3404 proelia
385 3326 541 3387 Tartareis
561 3345 651 3404 mage
672 3325 870 3385 formidanda
890 3327 1030 3401 catenis3

247 3427 336 3485 tanto
356 3425 428 3485 illos
448 3425 585 3485 tonitrus
606 3426 756 3500 tantoque
776 3424 949 3501 inpleverat
969 3445 1058 3486 arcus

247 3524 366 3584 intonsi
386 3527 501 3584 terrore
522 3523 580 3597 dei,
605 3523 719 3599 quibus
740 3523 803 3582 alta
823 3522 935 3598 cupido

245 3624 391 3684 firmandi
412 3621 558 3700 Stygium
578 3621 743 3699 inperium,
768 3623 850 3698 quod
871 3625 1011 3699 tempore
1031 3623 1124 3700 longo
1207 3617 1209 3624 ’

246 3722 446 3798 consiliisque
466 3723 577 3798 potens
597 3740 729 3798 regnum
750 3721 908 3781 affectaret
928 3721 1063 3798 Olympi.

1075 3832 1170 3867 S.(i.0.
