3010 4494
584 355 800 404 OXONIENSIS

670 530 712 572 111

216 625 376 687 Vivimus
395 627 532 688 infantes
552 627 637 688 haud
656 647 752 704 parvo
772 626 892 688 lumine
914 627 1042 688 divum:

217 732 396 808 paullatim
415 733 520 812 urgeri
540 733 676 794 tenebris
696 737 728 794 et
748 754 867 794 carcere
886 754 974 796 caeco

217 839 385 918 incipiunt
405 841 512 918 pueri:
539 841 646 900 tamen
666 839 716 900 illi
736 840 866 900 luminis
888 861 957 902 oras

218 947 407 1024 dispiciunt,
431 947 612 1024 fontemque
633 947 746 1024 ipsum,
770 948 967 1025 gaudentque
987 948 1112 1009 tuendo.

219 1055 378 1114 continuo
399 1055 437 1114 ut
456 1054 579 1114 iuvenis
598 1052 663 1113 iam
683 1052 800 1130 templa
821 1054 951 1114 orientia
971 1054 1119 1132 linquens

219 1161 326 1238 carpit
348 1161 416 1235 iter,
440 1161 546 1220 tamen
566 1159 719 1236 interpres
739 1163 924 1238 sanctusque
945 1162 1086 1222 sacerdos

220 1268 359 1327 naturae
378 1269 444 1326 est:
472 1265 611 1343 adfulget
632 1265 720 1326 eunti
741 1286 854 1343 magna
875 1267 969 1326 deum
989 1268 1053 1329 lux.

219 1373 354 1450 iamque
374 1373 451 1447 viro,
476 1372 625 1449 quoniam
645 1371 756 1448 plenae
777 1375 864 1432 stant
883 1373 992 1434 robore
1012 1374 1104 1449 vires,

221 1499 356 1540 aurorae
375 1479 519 1557 proprius
538 1479 629 1556 periit
649 1478 751 1554 rubor,
776 1481 882 1540 omnia
902 1480 1014 1542 deinde

221 1585 362 1646 albentis
383 1587 486 1647 media
506 1587 669 1646 mutantur
690 1586 759 1646 luce
780 1587 852 1646 diei.

1052 1700 1077 1734 D·
1091 1701 1115 1736 B.
1128 1700 1155 1734 1.

672 1890 708 1934 1v

185 1987 257 2046 Iam
280 1987 433 2048 tremulae
453 1985 488 2046 in
508 1988 592 2048 saxis
611 1987 790 2049 instaurant
809 1989 932 2050 lumina
952 1989 1067 2065 188188,

185 2087 292 2164 vergit
312 2085 406 2163 longa
426 2085 499 2161 dies,
524 2086 672 2146 successit
692 2087 781 2148 tarda
799 2087 940 2147 vicissim
982 2115 985 2122 ·

187 2184 265 2243 luna
285 2184 366 2261 polo,
390 2183 579 2261 planctuque
598 2186 632 2245 et
652 2186 754 2246 multa
773 2206 848 2247 voce
868 2184 1021 2245 morantis

187 2282 276 2341 unda
294 2285 404 2358 vocat3
431 2303 530 2360 neque
550 2283 636 2344 enim
656 2303 725 2344 sero
745 2303 828 2345 nova
847 2283 1007 2361 quaeritur
1026 2302 1087 2344 ora.

188 2400 263 2457 ergo
285 2381 375 2460 agilo,
394 2401 414 2441 o
434 2382 517 2458 socii,
542 2381 637 2442 remis
658 2382 839 2443 incumbere
859 2385 986 2458 tompus

189 2479 300 2539 ordine
321 2499 474 2556 quomque
494 2499 552 2540 suo
572 2479 748 2557 pariterque
768 2480 921 2541 infindere
942 2480 1054 2542 sulcos.

189 2578 250 2636 hoc
272 2577 365 2653 sedet,
388 2577 448 2636 hoc
469 2579 590 2638 certum
609 2580 666 2654 est,
690 2578 789 2638 solem
809 2598 955 2656 superare
977 2579 1127 2640 caducum

190 2696 330 2753 quaeque
350 2676 417 2735 salo
437 2675 582 2753 Hesperii
604 2675 772 2754 tinguntur
791 2676 892 2737 811818
911 2677 1000 2754 ponti

190 2774 316 2834 deficiat
336 2772 413 2834 dum
432 2774 500 2835 1118
521 2773 627 2851 sequi3
654 2794 709 2835 seu
730 2774 852 2852 gurgite
873 2795 992 2835 mersos

189 2872 313 2932 hauriri
334 2892 389 2933 8811
409 2873 473 2932 fata
493 2872 604 2932 iubent
624 2872 771 2950 sedesque
791 2874 898 2934 beatas

190 2972 328 3050 aspicere
348 2974 381 3032 81
400 2975 514 3033 notum
534 2972 612 3033 dum
630 2971 698 3033 1118
717 2972 864 3032 manebat
883 2972 1039 3034 Achillen.

190 3070 295 3130 multa
314 3070 379 3130 1188
400 3069 513 3147 rapuit,
536 3072 684 3146 superant
703 3071 735 3130 et
754 3070 863 3130 multa.
908 3070 1037 3130 fuorunt

191 3188 272 3245 quae
292 3169 390 3228 181188
408 3169 500 3244 11188,
524 3189 602 3246 quae
622 3167 754 3228 numina
773 3187 888 3245 magna
908 3169 1090 3230 movebant:

192 3257 293 3344 usque
313 3267 388 3327 adeo
405 3267 488 3326 nihil
505 3269 553 3328 881
571 3268 659 3345 quod·
670 3286 755 3327 nnnc
773 3269 908 3327 sumus?
931 3287 1030 3344 usque
1050 3269 1126 3328 adeo
1146 3269 1194 3328 nil

192 3386 258 3426 una
278 3367 326 3425 tot
344 3365 477 3427 heroum
497 3365 600 3427 virtus
619 3385 735 3443 parque
756 3364 902 3425 omnibus
921 3365 1038 3426 ardor?

193 3465 319 3524 dextras
340 3465 405 3524 fata
423 3465 573 3525 hebetant
592 3484 771 3542 annosaque
791 3466 949 3540 tempora:
971 3466 1089 3541 perstat

193 3564 300 3622 mente
317 3562 408 3640 vigor
426 3562 534 3640 solida,
557 3562 677 3639 nitique
697 3565 730 3622 81
751 3581 895 3640 quaerere
916 3581 1039 3639 semper

193 3664 226 3722 et
248 3661 380 3738 reperire
400 3663 511 3739 potens
531 3681 588 3721 nec
609 3664 716 3739 coepto
736 3661 883 3722 absistens
903 3660 1014 3722 1181118.

1043 3787 1068 3821 l'.
1084 3786 1118 3820 DE
1135 3786 1160 3823 Ρ.
