3010 4494
636 320 852 368 OXONIENSIS

693 555 795 596 XXXIV

244 649 326 726 Ergo
347 649 407 709 iter
426 649 604 726 impavidus
625 653 810 729 noctemque
830 650 959 726 impune
979 670 1181 726 peromnem

243 755 419 833 insequitur
439 756 555 835 latique
575 757 650 834 fuga
670 760 754 818 secat
775 776 908 834 aequora
929 757 1039 832 campi,

242 863 343 922 excita
364 863 440 924 dum
460 863 589 924 tandem
610 863 927 925 circumvolventibus
947 864 1034 923 horis

244 990 353 1030 aurora
372 971 529 1031 excutitur
549 971 669 1030 somnis
690 973 723 1031 et
744 971 880 1031 claustra
900 970 961 1030 diei

244 1077 297 1136 dat
317 1097 405 1137 rosea
424 1079 560 1138 reserata
579 1097 684 1139 manu.
730 1078 881 1155 genitoris
901 1077 937 1137 in
957 1077 1021 1137 alto

243 1186 349 1244 mente
370 1185 447 1244 latet
466 1203 576 1260 specus
596 1187 628 1244 et
649 1185 721 1244 solii
741 1185 875 1244 confinia
895 1183 1005 1260 tangit,

218 1301 221 1313 '
243 1311 303 1367 qua
323 1311 446 1367 semper
466 1292 522 1351 lux
540 1291 636 1369 inque
656 1292 758 1353 vicem
780 1292 923 1370 caliginis
943 1292 1055 1352 umbra

244 1398 319 1458 dant
339 1398 526 1476 capiuntque
547 1399 669 1460 locum:
691 1402 875 1477 noctemque
895 1400 1019 1459 imitata
1040 1399 1183 1475 diemque

243 1526 348 1566 rerum
369 1507 541 1567 alternatur
559 1508 676 1584 species
695 1510 877 1584 mutataque
898 1508 1020 1586 gaudet.

241 1615 299 1673 hac
319 1613 375 1673 lux
393 1614 552 1692 egreditur
571 1617 669 1692 porta,
693 1614 790 1675 simul
811 1616 940 1691 occupat
961 1614 1049 1674 illam

243 1721 349 1798 caligo,
373 1740 522 1797 superum
541 1721 625 1781 iusto
646 1722 724 1782 dum
744 1724 883 1799 tempere
904 1723 991 1782 sedes

244 1829 402 1903 obscuret3
428 1828 588 1888 sedenim
609 1829 686 1889 caeli
706 1828 917 1889 sublustribus
936 1829 1058 1888 umbris

241 1933 365 1993 velatur
384 1933 475 1994 facies
496 1939 528 1996 et
547 1939 655 1996 nostra
676 1936 856 2013 crepuscula
876 1935 1018 2011 praefert.

281 2041 405 2118 iamque
422 2042 585 2102 incedebat
606 2061 752 2120 supremo
772 2041 873 2120 qualis
895 2041 1030 2118 Olympo

242 2148 366 2209 Lucifer
384 2151 417 2209 et
436 2149 574 2209 flammis
594 2169 731 2227 auroque
753 2150 880 2209 ardente
900 2147 1060 2226 refulgens

243 2257 411 2332 dispulerat
431 2256 527 2316 radiis
547 2257 626 2318 fixas
646 2257 827 2319 Orientibus
848 2258 995 2330 umbras;

241 2362 359 2440 fulgida
380 2365 450 2424 tum
470 2362 576 2424 densis
596 2364 663 2424 sola
683 2363 748 2424 lata
768 2365 896 2442 repente
918 2363 1050 2424 catervis

243 2490 411 2547 currusque
431 2473 463 2530 et
482 2451 603 2548 biiuges
622 2471 719 2530 simul
739 2491 827 2531 arma
846 2470 1005 2533 vomentia
1024 2471 1168 2530 fiammae

242 2580 389 2653 apparent
410 2576 508 2636 oculis
529 2576 673 2654 ignisque
692 2597 732 2637 ex
752 2577 824 2654 igne
845 2579 986 2638 relucens
997 2599 1005 2652 ;

241 2682 360 2742 bellum
380 2683 415 2743 iu
435 2682 597 2760 procinctu
618 2684 724 2759 sensit,
748 2687 923 2762 uotumque
944 2683 1027 2760 quod
1047 2683 1114 2759 ipse

243 2789 412 2849 crediderat
433 2809 465 2850 se
485 2790 564 2850 ferre
585 2811 711 2851 novum.
753 2791 874 2851 socium
893 2791 965 2852 inde
986 2810 1042 2866 per
1062 2809 1154 2848 auras

242 2895 336 2955 infert
357 2916 390 2956 se
411 2896 502 2957 sociis
523 2900 616 2974 atque
637 2897 763 2975 agmina
782 2897 893 2974 iungit.
935 2900 968 2957 at
989 2895 1036 2956 illi

243 3002 374 3062 clamore
394 3003 555 3080 excipiunt
575 3005 719 3064 reducem
740 3004 936 3081 gaudentque
956 3004 1098 3075 tuentes;

241 3109 326 3168 hunc
347 3110 385 3168 de
406 3111 454 3168 tot
474 3109 577 3186 lapsis,
601 3109 686 3169 hunc
706 3130 808 3170 unum
828 3109 944 3185 sospite
965 3128 1058 3168 cursu

241 3215 430 3276 incolumem
451 3215 579 3277 rediisse
600 3217 714 3275 tamen.
757 3215 802 3275 sic
823 3215 935 3275 deinde
955 3217 1130 3276 merentem

242 3321 318 3380 colle
339 3323 431 3381 tenus
452 3341 539 3381 sacro
561 3341 763 3398 summaeque
784 3322 823 3381 ad
844 3321 956 3390 limina
977 3321 1059 3380 sedis

242 3427 422 3502 perducunt,
446 3429 529 3488 unde
549 3448 567 3488 e
588 3428 682 3488 nubis
702 3428 913 3504 penetralibus
934 3448 1044 3488 aureae

243 3534 361 3594 reddita
381 3555 442 3595 vox
463 3535 680 3612 placidumque
700 3555 815 3595 sonans
836 3534 983 3594 allabitur
1004 3535 1095 3596 auris.

1101 3661 1126 3697 1.
1138 3661 1173 3696 ΒΕ
1184 3661 1207 3697 Ρ.
