3004 4520
604 394 819 443 OXONIENSlS

661 1087 755 1128 CLXVI

703 1184 775 1244 Non
796 1184 876 1244 silva
896 1183 1032 1260 cadebat,

255 1299 320 1340 nou
339 1279 442 1340 solida
463 1281 581 1340 excisae
601 1280 770 1342 veniebant
790 1302 866 1358 rupe
887 1281 1051 1341 columnae

255 1380 287 1436 te
307 1379 458 1439 condente
479 1380 628 1454 domum;
653 1379 771 1440 vitreas
792 1400 928 1457 namque
948 1380 1032 1440 eruis
1053 1379 1152 1438 undas

255 1478 437 1554 caerulaque
458 1499 496 1538 ex
517 1478 585 1554 ipso
605 1479 697 1556 ponis
718 1479 902 1538 fundamina
922 1480 1027 1554 ponto.

255 1574 312 1634 tali
333 1577 525 1652 crediderim,
549 1579 684 1636 matrem
705 1596 778 1636 cum
800 1579 961 1652 quaereret
982 1577 1066 1650 olim,

255 1673 381 1734 amissis
400 1677 558 1750 pastorem
580 1674 691 1749 apibus
711 1674 827 1734 vidisse
848 1675 1007 1734 sedentem

255 1771 397 1848 Cyrenen
419 1772 507 1831 aula:
535 1773 631 1831 talem
651 1772 779 1832 finxisse
800 1775 909 1847 poetae

256 1886 359 1926 arcem
380 1869 553 1928 debuerant
573 1868 680 1945 hiemi,
705 1888 767 1944 qua
787 1868 851 1927 tela
871 1868 1005 1927 laterent

255 1964 437 2026 nimborum
458 1966 644 2043 agminibus,
668 1967 835 2026 stridentes
855 1966 956 2026 imbre
978 1964 1116 2042 sagIttae,

256 2063 448 2141 infestaeque
469 2064 569 2138 nives,
590 2067 622 2123 et
642 2064 772 2124 floribus
792 2084 901 2141 aspera
922 2063 1047 2142 grando.

256 2164 420 2221 creverunt
440 2161 558 2237 tacitae,
581 2162 683 2223 veluti
703 2183 781 2240 quas
801 2163 952 2240 fingImus
973 2163 1063 2221 aedes

256 2277 382 2336 surgere
403 2279 457 2335 per
477 2280 624 2335 somnos;
655 2280 720 2320 non
740 2280 850 2320 raucae
871 2260 989 2320 lamina
1010 2279 1119 2333 serrae,

256 2376 321 2415 non
342 2357 462 2416 ferrum
483 2358 589 2418 sonuit
609 2358 690 2419 ferro
701 2381 709 2434 ;
736 2378 812 2417 nam
833 2358 976 2434 partibus
997 2357 1078 2433 aptis

256 2457 367 2530 sponte
389 2474 446 2514 sua
466 2455 596 2533 glaciem
617 2457 730 2534 glacies
751 2458 911 2533 compacta
930 2455 1053 2531 recepit,

258 2555 352 2631 atque
372 2554 526 2614 interfusa
546 2555 655 2614 didicit
676 2555 846 2616 coalescere
867 2553 1007 2632 lympha.

256 2652 414 2728 pellebant
434 2653 522 2712 varia
541 2657 665 2713 noctem
686 2655 752 2714 face
772 2654 931 2730 lampades
953 2656 1044 2712 antro

257 2750 434 2827 dispositae,
458 2772 591 2829 quarum
612 2752 721 2812 lumen
742 2753 900 2812 sublustre
921 2769 1060 2810 recessus

257 2848 386 2908 mollius
405 2849 440 2908 in
461 2849 579 2911 vitreos
599 2852 752 2926 penetrat,
775 2851 864 2910 velut
885 2851 984 2909 altera
1005 2867 1137 2926 surgons

258 2946 352 3006 ferret
372 2947 449 3007 luna
469 2947 567 3022 iubar,
589 2949 642 3008 vel
662 2949 745 3008 caelo
767 2948 858 3008 stella
879 2968 987 3008 sereno

258 3045 408 3105 innocuas
428 3045 566 3105 traheret
586 3045 733 3106 delabens
754 3045 877 3105 aethere
897 3046 1049 3106 flammas.

1111 3172 1136 3208 Ε.
1148 3172 1170 3207 0.
1182 3170 1214 3206 W.
