3052 4496
652 357 867 406 OXONIENSIS
1119 343 1122 350 ⁴
1205 363 1258 425 151

211 533 216 541 ·
303 520 354 578 νῦν
377 513 410 580 δέ
431 513 460 577 σ’
484 511 503 594 ή
528 512 624 597 μήτηρ
650 515 768 594 ἐκείνην
789 521 891 597 μῶρον
911 518 983 581 ὅντα
1006 515 1061 596 τήν
1084 516 1173 599 κόρην

302 657 381 742 φησὶ
404 661 576 741 βούλεσθαι
597 665 707 743 γαμεῖν
729 661 784 741 τὴν
807 661 946 745 εὐγενοῦς
968 664 1058 740 δῆθεν
1079 664 1198 744 πατρός,

301 806 461 890 χρημάτων
484 806 509 872 δ’
534 808 724 888 ἀμνημονεῖν,
746 808 792 874 οῖς
813 806 910 873 πάντα
932 834 995 875 πως
1017 807 1089 888 ἡμῖν
1111 809 1155 873 ἔνι

303 955 395 1030 ζῶσιν
418 954 608 1051 ἆποθανοΰσῖ
628 953 663 1030 τ’,
685 953 776 1034 οῖμαι·
809 955 858 1017 καὶ
880 953 936 1036 γὰρ
959 953 1048 1034 ἁρετὴ
1070 951 1160 1036 πόρα.

301 1103 364 1164 πῶς
385 1096 443 1180 γὰρ
466 1097 503 1163 ἂν
527 1097 652 1162 κλέπτοι
674 1125 719 1166 τις
742 1095 761 1178 ή
783 1097 983 1183 τοιχωρυχοίη
1007 1097 1162 1174 πλούσιος,

300 1248 429 1326 χλαῖναν
452 1243 704 1326 ἀναβεβλημένος
728 1241 777 1308 καὶ
799 1245 863 1326 τρὶς
885 1245 993 1328 φαγὼν
1015 1248 1069 1324 τῆς
1090 1244 1227 1329 ἡμέρωι

301 1389 381 1455 ταῦθ’
406 1389 606 1471 ἂμαρτόνονσ’
631 1389 768 1456 ἑκάστοθ’
792 1393 971 1473 ἀποροῦντες
993 1391 1140 1474 ἀλφίτων,

300 1536 369 1602 τοὺς
391 1534 423 1599 δέ
444 1559 489 1600 τοι
512 1533 640 1614 πένητας
662 1535 724 1600 ἴσθ’
748 1535 788 1602 ὦς
810 1532 872 1600 εῖσὶ
895 1535 1065 1617 σύμπαντες
1088 1539 1179 1602 κακοί.

300 1684 391 1766 ἀργὸς
413 1680 431 1760 ή
456 1680 550 1762 φύσις
572 1683 630 1764 γὰρ
653 1681 751 1746 αὐτοῖς
772 1677 790 1758 ἢ
814 1679 947 1762 πατράσι
968 1685 1002 1745 τὸ
1026 1681 1144 1764 πρόσθ’,
1168 1680 1233 1749 ἐπεὶ

210 1862 215 1868 -
299 1827 422 1908 κτόμεθ
447 1827 599 1907 ἅνθρωποι
622 1829 660 1890 τὰ
680 1825 807 1910 χρήματ’
828 1827 880 1891 οὐκ
902 1823 974 1892 α’νεν
997 1833 1116 1892 πολλοῦ
1138 1828 1239 1894 πόνον.

299 1974 363 2055 εἶχε
383 1977 457 2054 γοῦν
479 1968 577 2053 πατήρ
599 1969 668 2035 ποθ’
691 1971 782 2051 οὑμὸς
803 1970 891 2036 οὐδὲν
912 1967 931 2050 ἢ
954 1971 1045 2036 ’δόκει
1066 1971 1095 2053 γ’
1118 1973 1209 2057 ἔχειν,

297 2123 447 2184 διαπονῶν
469 2120 502 2182 δὲ
525 2114 574 2181 καὶ
595 2123 748 2200 μεριμνῶν
771 2116 803 2181 εὖ
824 2116 991 2197 ’τελεύτησ’
1015 2117 1071 2182 οἶδ’
1095 2119 1150 2182 ὅτι·

297 2265 350 2343 τὴν
373 2265 428 2344 μὲν
450 2263 548 2328 οἰκίαν
571 2264 695 2339 ἐκεῖνος,
718 2261 771 2327 εἶτ’
795 2263 853 2346 ἐγὼ
876 2261 1080 2343 ’πεκτησόμην

297 2417 349 2475 τὸν
370 2408 492 2492 μνλῶν’,
516 2408 603 2476 αὐτὸς
625 2408 650 2474 δ’
675 2410 787 2492 ἑπόψει
809 2409 840 2491 μ’
864 2409 949 2477 αὖθις
972 2407 1180 2490 ἐξικνούμενον

297 2559 385 2638 οὗπερ
409 2557 494 2622 ἔστιν
515 2554 533 2635 ή
556 2555 676 2638 γέφυρα
698 2554 746 2621 καὶ
767 2554 839 2634 μόλ’
861 2556 949 2639 ἐγγὺς
971 2560 1024 2619 τοῦ
1046 2555 1155 2637 λόφον.

297 2705 323 2766 εῖ
344 2704 400 2782 μὲν
422 2701 474 2766 ούν
497 2699 594 2785 γάμον
616 2706 723 2785 γαμεῖς
745 2701 800 2767 τιν’
823 2703 946 2786 ἀγαθόν·
972 2704 998 2766 εῖ
1021 2703 1055 2766 δὲ
1075 2699 1126 2782 μή,
1146 2704 1252 2768 Κόνων

297 2847 375 2927 τᾶμᾶ
396 2844 507 2929 λήψετ’
531 2846 745 2913 ἀποθανόντος·
774 2846 828 2926 τὴν
851 2846 924 2930 ἐμὴν
945 2846 1067 2930 γνιύμην
1090 2847 1179 2930 ἔχεις.

1142 2990 1215 3027 mn.
