3052 4496
633 377 847 428 OXONIENSIS

723 731 765 776 IN

375 826 453 910 Μέγ’
475 826 512 907 ῆν
535 826 569 891 τὸ
592 832 684 905 δῶμα,
708 827 870 909 διχότομον
892 826 1002 891 κύκλου
1022 824 1121 909 μέρος,

375 935 530 995 δισσοῖσιν
552 932 634 1013 ὑψοῦ
657 930 755 995 κίοσιν
776 930 971 1014 πετρηρεφές·

377 1035 479 1115 θρόνοι
501 1033 527 1097 δ’
550 1037 671 1116 ἐνῆσαν,
692 1035 727 1098 οὗ
749 1034 810 1098 κατ’
835 1034 972 1100 εὐκλείας
995 1034 1093 1116 κρίσιν

377 1137 503 1219 πρόμοις
526 1136 617 1216 άναξί
639 1136 665 1202 θ’
686 1137 806 1219 ἡμένοις
827 1139 973 1203 λεύσσειν
994 1140 1100 1219 παρῆν.

379 1240 416 1321 ῆν
438 1241 465 1305 δ’
488 1243 642 1324 θκαλνφές
664 1243 825 1318 τούκεῖθεν,
848 1241 908 1306 ἐνθ’
932 1241 1087 1322 ὑπαίθριος

379 1345 467 1426 σταίη
489 1345 533 1410 ’πὶ
555 1346 693 1429 χῶμοσίν
715 1371 748 1410 τε
771 1344 819 1410 καὶ
840 1345 967 1427 βάθροις
988 1345 1075 1411 λεῶς.

380 1451 413 1514 ἐν
435 1448 530 1512 τοῖσδ’
554 1447 673 1527 άοημον
694 1448 785 1532 χωρὶς
808 1449 919 1513 εὐθύνω
942 1449 1047 1530 βάσιν.

382 1551 447 1619 δαὶς
469 1552 495 1616 δ’
519 1551 653 1631 ἐξισοΰσ’
674 1551 804 1634 ἤκμαζεν
826 1553 903 1639 ῆλίιρ
926 1553 1044 1636 δρόμον,

383 1656 485 1720 θυσίαι
507 1654 533 1720 τ’
558 1655 623 1721 ἐπεὶ
645 1655 789 1737 γέλωτος,
812 1657 929 1736 ἡδονῆς,
949 1656 1043 1736 μέθης

384 1760 488 1843 ψυχὴν
512 1760 660 1839 ἔπλησαν,
684 1760 758 1825 κατὰ
781 1761 851 1826 θέαν
874 1759 1087 1842 τετραμμένοις

382 1865 536 1944 πάνδημον
560 1864 645 1930 εὐθὺς
669 1869 767 1930 κεῖνον
790 1867 915 1948 εἰσῆγον
936 1865 1052 1946 λάτριν,

386 1967 497 2046 σκευῆν
520 1967 671 2032 σταλέντα
693 1967 747 2047 τῆν
769 1969 954 2051 τεταγμένην
976 1969 1103 2033 πόλεως.

387 2069 481 2152 πάρος
502 2074 557 2150 μὲν
579 2073 680 2136 αὐλῶν
702 2070 862 2153 τυμπάνων
883 2070 910 2134 τ’
930 2070 978 2158 ᾔει
999 2071 1113 2153 ψόφος,

389 2175 475 2240 ἔνθεν
497 2177 530 2239 δέ
554 2175 661 2240 κάνθεν
683 2176 818 2258 φύλακες
841 2174 1068 2255 ἐξωπλισμένοι,

389 2285 584 2359 πεδοστιβεῖς
607 2282 698 2359 ἱππῆς
721 2302 764 2346 τε·
794 2280 912 2363 πρόσθ’,
934 2281 1043 2344 ὄπισθε
1064 2281 1096 2343 δὲ

390 2388 521 2465 λογχῶν,
543 2382 705 2465 ἀτράκτων,
727 2389 904 2467 σφενδονῶν
926 2383 1093 2460 ἐπιστάται,

391 2487 493 2551 ἵππων
515 2512 548 2551 τε
571 2488 736 2552 πανόπλων
758 2488 893 2569 θμβάται
915 2489 1125 2571 τευχεσφόροι.

391 2589 436 2670 χῶ
459 2594 515 2670 μὲν
538 2591 625 2671 λεῶς,
649 2591 688 2657 ῶς
710 2591 797 2671 εἶδεν,
819 2592 925 2672 αἰθέρα
948 2592 1047 2676 κτύπῳ

395 2693 505 2775 ἔσχιζ’,
529 2694 660 2760 ἐπαίνοις
684 2696 894 2776 ἐνδατούμενος
917 2696 996 2770 θεόν,

395 2795 427 2862 ὃς
449 2797 561 2880 γοργὸν
584 2798 694 2881 ἐχθρὸν
716 2797 903 2879 προύξένησε
924 2799 1048 2881 χείριον.

396 2901 412 2962 ὁ
435 2901 460 2964 δ’
483 2899 632 2980 θδόματος
655 2900 720 2982 μέν,
742 2908 890 2984 καρτερῶν
912 2898 947 2980 δ’,
969 2904 1000 2967 ἐς
1022 2901 1074 2964 τὸν
1096 2901 1190 2964 τόπον

396 3003 483 3084 εἳρφ’,
506 3005 593 3085 οἷπερ
616 3003 700 3086 ῆγον·
732 3006 839 3069 καὶτὰ
861 3003 1117 3086 προστεταγμένα,

397 3104 452 3191 (ῶν
475 3105 511 3186 ῆν
533 3132 570 3188 γε
591 3113 680 3187 πεῖρα
702 3108 875 3190 δεργμάτων
897 3105 1076 3192 τητωμένη)

399 3209 484 3289 ἐλξαι
509 3211 627 3274 σπάσαι
649 3237 691 3291 τε,
713 3210 871 3293 βαστάσαι
895 3213 1024 3291 θραῶσοί
1043 3212 1078 3290 τ’,
1100 3212 1144 3276 ἐτι

398 3311 508 3392 ῆθλησ’
532 3315 651 3400 άπίστιρ
674 3314 772 3380 πάντα
795 3314 959 3399 κᾶκπάγλιρ
983 3314 1098 3392 σθένει,

399 3418 513 3483 κούδεὶς
536 3419 649 3499 ἐτόλμα
671 3421 796 3502 τάνδρὸς
819 3420 919 3483 ἀντίον
939 3425 1053 3500 μολεῖν.

1124 3535 1157 3569 W.
1171 3534 1230 3568 0.n.
