<?xml version="1.0" encoding="UTF-8"?>
<!DOCTYPE html PUBLIC "-//W3C//DTD XHTML 1.0 Transitional//EN"
    "http://www.w3.org/TR/xhtml1/DTD/xhtml1-transitional.dtd">
<html xmlns="http://www.w3.org/1999/xhtml" xml:lang="en" lang="en">
 <head>
  <title>
</title>
<meta http-equiv="Content-Type" content="text/html;charset=utf-8" />
  <meta name='ocr-system' content='tesseract 3.04.00' />
  <meta name='ocr-capabilities' content='ocr_page ocr_carea ocr_par ocr_line ocrx_word'/>
</head>
<body>
  <div class='ocr_page' id='page_1' title='image "./novaanthologiao01godlgoog/novaanthologiao01godlgoog_0057.png"; bbox 0 0 3010 4494; ppageno 0'>
   <div class='ocr_carea' id='block_1_1' title="bbox 603 357 817 405">
    <p class='ocr_par' dir='ltr' id='par_1_1' title="bbox 603 357 817 405">
     <span class='ocr_line' id='line_1_1' title="bbox 603 357 817 405; baseline 0 -1"><span class='ocrx_word' id='word_1_1' title='bbox 603 357 817 405; x_wconf 86' lang='lat' dir='ltr'>OXONIENSIS</span> 
     </span>
    </p>
   </div>
   <div class='ocr_carea' id='block_1_2' title="bbox 669 848 749 891">
    <p class='ocr_par' dir='ltr' id='par_1_2' title="bbox 669 848 749 891">
     <span class='ocr_line' id='line_1_2' title="bbox 669 848 749 891; baseline 0.025 -2"><span class='ocrx_word' id='word_1_2' title='bbox 669 848 749 891; x_wconf 83' lang='lat' dir='ltr'><strong>XXIV</strong></span> 
     </span>
    </p>
   </div>
   <div class='ocr_carea' id='block_1_3' title="bbox 205 961 1209 3283">
    <p class='ocr_par' dir='ltr' id='par_1_3' title="bbox 206 961 994 1039">
     <span class='ocr_line' id='line_1_3' title="bbox 206 961 994 1039; baseline 0.003 -18"><span class='ocrx_word' id='word_1_3' title='bbox 206 961 389 1022; x_wconf 80' lang='lat' dir='ltr'>Occideris?</span> <span class='ocrx_word' id='word_1_4' title='bbox 413 962 533 1022; x_wconf 83' lang='lat' dir='ltr'>Phoebi</span> <span class='ocrx_word' id='word_1_5' title='bbox 553 982 610 1023; x_wconf 92' lang='lat' dir='ltr'>nec</span> <span class='ocrx_word' id='word_1_6' title='bbox 630 963 742 1023; x_wconf 85' lang='lat' dir='ltr'>texerit</span> <span class='ocrx_word' id='word_1_7' title='bbox 761 961 862 1023; x_wconf 85' lang='lat' dir='ltr'>infula</span> <span class='ocrx_word' id='word_1_8' title='bbox 881 964 994 1039; x_wconf 86' lang='lat' dir='ltr'>vatem,</span> 
     </span>
    </p>

    <p class='ocr_par' dir='ltr' id='par_1_4' title="bbox 205 1060 1048 1139">
     <span class='ocr_line' id='line_1_4' title="bbox 205 1060 1048 1139; baseline 0 -19"><span class='ocrx_word' id='word_1_9' title='bbox 205 1081 264 1120; x_wconf 91' lang='lat' dir='ltr'>nec</span> <span class='ocrx_word' id='word_1_10' title='bbox 285 1060 424 1120; x_wconf 89' lang='lat' dir='ltr'>numeris</span> <span class='ocrx_word' id='word_1_11' title='bbox 444 1061 567 1137; x_wconf 88' lang='lat' dir='ltr'>pollens</span> <span class='ocrx_word' id='word_1_12' title='bbox 587 1064 770 1139; x_wconf 86' lang='lat' dir='ltr'>acceptaque</span> <span class='ocrx_word' id='word_1_13' title='bbox 790 1061 857 1121; x_wconf 85' lang='lat' dir='ltr'>vita</span> <span class='ocrx_word' id='word_1_14' title='bbox 878 1061 1048 1122; x_wconf 78' lang='lat' dir='ltr'>Camenis?</span> 
     </span>
    </p>

    <p class='ocr_par' dir='ltr' id='par_1_5' title="bbox 205 1159 1055 1236">
     <span class='ocr_line' id='line_1_5' title="bbox 205 1159 1055 1236; baseline 0 -18"><span class='ocrx_word' id='word_1_15' title='bbox 205 1160 278 1233; x_wconf 86' lang='lat' dir='ltr'>heu,</span> <span class='ocrx_word' id='word_1_16' title='bbox 300 1162 412 1220; x_wconf 83' lang='lat' dir='ltr'>vatum</span> <span class='ocrx_word' id='word_1_17' title='bbox 431 1161 608 1219; x_wconf 85' lang='lat' dir='ltr'>extremum</span> <span class='ocrx_word' id='word_1_18' title='bbox 629 1179 773 1236; x_wconf 91' lang='lat' dir='ltr'>supremo</span> <span class='ocrx_word' id='word_1_19' title='bbox 793 1159 945 1236; x_wconf 88' lang='lat' dir='ltr'>imponite</span> <span class='ocrx_word' id='word_1_20' title='bbox 966 1160 1055 1220; x_wconf 90' lang='lat' dir='ltr'>lecto.</span> 
     </span>
    </p>

    <p class='ocr_par' dir='ltr' id='par_1_6' title="bbox 206 1258 1023 1334">
     <span class='ocr_line' id='line_1_6' title="bbox 206 1258 1023 1334; baseline 0 -17"><span class='ocrx_word' id='word_1_21' title='bbox 206 1258 315 1334; x_wconf 82' lang='lat' dir='ltr'>patria,</span> <span class='ocrx_word' id='word_1_22' title='bbox 338 1278 400 1319; x_wconf 86' lang='lat' dir='ltr'>vox</span> <span class='ocrx_word' id='word_1_23' title='bbox 421 1258 511 1319; x_wconf 87' lang='lat' dir='ltr'>siluit</span> <span class='ocrx_word' id='word_1_24' title='bbox 530 1258 588 1318; x_wconf 93' lang='lat' dir='ltr'>tibi</span> <span class='ocrx_word' id='word_1_25' title='bbox 609 1259 754 1319; x_wconf 84' lang='lat' dir='ltr'>maxima</span> <span class='ocrx_word' id='word_1_26' title='bbox 800 1258 882 1318; x_wconf 90' lang='lat' dir='ltr'>culta</span> <span class='ocrx_word' id='word_1_27' title='bbox 902 1258 1023 1318; x_wconf 75' lang='lat' dir='ltr'>colebas</span> 
     </span>
    </p>

    <p class='ocr_par' dir='ltr' id='par_1_7' title="bbox 207 1340 1048 1430">
     <span class='ocr_line' id='line_1_7' title="bbox 207 1340 1048 1430; baseline 0.001 -19"><span class='ocrx_word' id='word_1_28' title='bbox 207 1354 310 1413; x_wconf 86' lang='lat' dir='ltr'>mater</span> <span class='ocrx_word' id='word_1_29' title='bbox 329 1372 434 1413; x_wconf 91' lang='lat' dir='ltr'>amore</span> <span class='ocrx_word' id='word_1_30' title='bbox 453 1353 506 1430; x_wconf 92' lang='lat' dir='ltr'>pio</span> <span class='ocrx_word' id='word_1_31' title='bbox 527 1355 646 1413; x_wconf 82' lang='lat' dir='ltr'>natum.</span> <span class='ocrx_word' id='word_1_32' title='bbox 691 1353 755 1413; x_wconf 92' lang='lat' dir='ltr'>iam</span> <span class='ocrx_word' id='word_1_33' title='bbox 774 1356 807 1413; x_wconf 89' lang='grc'>19</span> <span class='ocrx_word' id='word_1_34' title='bbox 827 1373 928 1429; x_wconf 91' lang='lat' dir='ltr'>neque</span> <span class='ocrx_word' id='word_1_35' title='bbox 949 1340 1048 1412; x_wconf 88' lang='lat' dir='ltr'>saltus</span> 
     </span>
    </p>

    <p class='ocr_par' dir='ltr' id='par_1_8' title="bbox 206 1450 957 1526">
     <span class='ocr_line' id='line_1_8' title="bbox 206 1450 957 1526; baseline 0.001 -17"><span class='ocrx_word' id='word_1_36' title='bbox 206 1450 316 1526; x_wconf 87' lang='lat' dir='ltr'>nativi,</span> <span class='ocrx_word' id='word_1_37' title='bbox 339 1470 450 1512; x_wconf 88' lang='lat' dir='ltr'>somno</span> <span class='ocrx_word' id='word_1_38' title='bbox 470 1471 527 1511; x_wconf 92' lang='lat' dir='ltr'>nec</span> <span class='ocrx_word' id='word_1_39' title='bbox 548 1451 674 1511; x_wconf 90' lang='lat' dir='ltr'>mollior</span> <span class='ocrx_word' id='word_1_40' title='bbox 694 1451 798 1526; x_wconf 87' lang='lat' dir='ltr'>herba,</span> <span class='ocrx_word' id='word_1_41' title='bbox 822 1451 957 1511; x_wconf 87' lang='lat' dir='ltr'>marisve</span> 
     </span>
    </p>

    <p class='ocr_par' dir='ltr' id='par_1_9' title="bbox 208 1548 1032 1626">
     <span class='ocr_line' id='line_1_9' title="bbox 208 1548 1032 1626; baseline 0 -19"><span class='ocrx_word' id='word_1_42' title='bbox 208 1549 412 1626; x_wconf 87' lang='lat' dir='ltr'>implacidum</span> <span class='ocrx_word' id='word_1_43' title='bbox 432 1549 528 1624; x_wconf 81' lang='lat' dir='ltr'>litus3</span> <span class='ocrx_word' id='word_1_44' title='bbox 555 1569 621 1609; x_wconf 91' lang='lat' dir='ltr'>non</span> <span class='ocrx_word' id='word_1_45' title='bbox 641 1550 770 1611; x_wconf 88' lang='lat' dir='ltr'>floribus</span> <span class='ocrx_word' id='word_1_46' title='bbox 791 1550 901 1610; x_wconf 87' lang='lat' dir='ltr'>hortus</span> <span class='ocrx_word' id='word_1_47' title='bbox 921 1548 1032 1618; x_wconf 89' lang='lat' dir='ltr'>odoris,</span> 
     </span>
    </p>

    <p class='ocr_par' dir='ltr' id='par_1_10' title="bbox 207 1646 995 1722">
     <span class='ocr_line' id='line_1_10' title="bbox 207 1646 995 1722; baseline 0 -16"><span class='ocrx_word' id='word_1_48' title='bbox 207 1667 273 1706; x_wconf 92' lang='lat' dir='ltr'>non</span> <span class='ocrx_word' id='word_1_49' title='bbox 292 1646 358 1707; x_wconf 90' lang='lat' dir='ltr'>fetu</span> <span class='ocrx_word' id='word_1_50' title='bbox 379 1648 531 1708; x_wconf 87' lang='lat' dir='ltr'>tremulos</span> <span class='ocrx_word' id='word_1_51' title='bbox 551 1667 684 1708; x_wconf 87' lang='lat' dir='ltr'>curvans</span> <span class='ocrx_word' id='word_1_52' title='bbox 704 1648 864 1709; x_wconf 85' lang='lat' dir='ltr'>vindemia</span> <span class='ocrx_word' id='word_1_53' title='bbox 884 1666 995 1722; x_wconf 87' lang='lat' dir='ltr'>ramos,</span> 
     </span>
    </p>

    <p class='ocr_par' dir='ltr' id='par_1_11' title="bbox 208 1746 951 1822">
     <span class='ocr_line' id='line_1_11' title="bbox 208 1746 951 1822; baseline 0.003 -18"><span class='ocrx_word' id='word_1_54' title='bbox 208 1765 273 1805; x_wconf 91' lang='lat' dir='ltr'>non</span> <span class='ocrx_word' id='word_1_55' title='bbox 293 1749 425 1821; x_wconf 81' lang='lat' dir='ltr'>veteres,</span> <span class='ocrx_word' id='word_1_56' title='bbox 447 1746 555 1807; x_wconf 85' lang='lat' dir='ltr'>Fauno</span> <span class='ocrx_word' id='word_1_57' title='bbox 576 1746 688 1806; x_wconf 88' lang='lat' dir='ltr'>dilecta</span> <span class='ocrx_word' id='word_1_58' title='bbox 708 1746 830 1822; x_wconf 83' lang='lat' dir='ltr'>cubilia,</span> <span class='ocrx_word' id='word_1_59' title='bbox 854 1746 951 1806; x_wconf 80' lang='lat' dir='ltr'>silvae</span> 
     </span>
    </p>

    <p class='ocr_par' dir='ltr' id='par_1_12' title="bbox 208 1844 942 1922">
     <span class='ocr_line' id='line_1_12' title="bbox 208 1844 942 1922; baseline 0 -19"><span class='ocrx_word' id='word_1_60' title='bbox 208 1845 373 1904; x_wconf 89' lang='lat' dir='ltr'>ostendent</span> <span class='ocrx_word' id='word_1_61' title='bbox 393 1845 510 1905; x_wconf 91' lang='lat' dir='ltr'>iterum</span> <span class='ocrx_word' id='word_1_62' title='bbox 530 1845 637 1905; x_wconf 87' lang='lat' dir='ltr'>doctae</span> <span class='ocrx_word' id='word_1_63' title='bbox 657 1844 790 1922; x_wconf 86' lang='lat' dir='ltr'>vestigia</span> <span class='ocrx_word' id='word_1_64' title='bbox 810 1844 942 1921; x_wconf 80' lang='lat' dir='ltr'>plantae.</span> 
     </span>
    </p>

    <p class='ocr_par' dir='ltr' id='par_1_13' title="bbox 208 1936 983 2020">
     <span class='ocr_line' id='line_1_13' title="bbox 208 1936 983 2020; baseline -0.003 -18"><span class='ocrx_word' id='word_1_65' title='bbox 208 1945 301 2019; x_wconf 85' lang='lat' dir='ltr'>rupta</span> <span class='ocrx_word' id='word_1_66' title='bbox 322 1943 383 2003; x_wconf 85' lang='lat' dir='ltr'>levi</span> <span class='ocrx_word' id='word_1_67' title='bbox 404 1943 460 2003; x_wconf 91' lang='lat' dir='ltr'>leti</span> <span class='ocrx_word' id='word_1_68' title='bbox 480 1944 566 2003; x_wconf 85' lang='lat' dir='ltr'>tactu</span> <span class='ocrx_word' id='word_1_69' title='bbox 586 1942 663 2020; x_wconf 91' lang='lat' dir='ltr'>lyra.</span> <span class='ocrx_word' id='word_1_70' title='bbox 709 1943 855 2003; x_wconf 87' lang='lat' dir='ltr'>carminis</span> <span class='ocrx_word' id='word_1_71' title='bbox 876 1936 983 2001; x_wconf 89' lang='lat' dir='ltr'>auctor</span> 
     </span>
    </p>

    <p class='ocr_par' dir='ltr' id='par_1_14' title="bbox 209 2041 1093 2216">
     <span class='ocr_line' id='line_1_14' title="bbox 209 2041 968 2118; baseline -0.001 -18"><span class='ocrx_word' id='word_1_72' title='bbox 209 2041 328 2100; x_wconf 87' lang='lat' dir='ltr'>aeterni</span> <span class='ocrx_word' id='word_1_73' title='bbox 347 2041 439 2118; x_wconf 87' lang='lat' dir='ltr'>periit</span> <span class='ocrx_word' id='word_1_74' title='bbox 459 2061 515 2102; x_wconf 88' lang='lat' dir='ltr'>nec</span> <span class='ocrx_word' id='word_1_75' title='bbox 536 2041 596 2101; x_wconf 90' lang='lat' dir='ltr'>erit</span> <span class='ocrx_word' id='word_1_76' title='bbox 616 2042 800 2103; x_wconf 84' lang='lat' dir='ltr'>revocabilis</span> <span class='ocrx_word' id='word_1_77' title='bbox 820 2060 968 2118; x_wconf 88' lang='lat' dir='ltr'>unquam.</span> 
     </span>
     <span class='ocr_line' id='line_1_15' title="bbox 249 2137 1093 2216; baseline -0.001 -19"><span class='ocrx_word' id='word_1_78' title='bbox 249 2138 374 2215; x_wconf 88' lang='lat' dir='ltr'>iamque</span> <span class='ocrx_word' id='word_1_79' title='bbox 394 2139 450 2200; x_wconf 94' lang='lat' dir='ltr'>ubi</span> <span class='ocrx_word' id='word_1_80' title='bbox 471 2160 503 2199; x_wconf 88' lang='lat' dir='ltr'>se</span> <span class='ocrx_word' id='word_1_81' title='bbox 524 2143 643 2200; x_wconf 84' lang='lat' dir='ltr'>maesta</span> <span class='ocrx_word' id='word_1_82' title='bbox 663 2141 802 2200; x_wconf 90' lang='lat' dir='ltr'>condunt</span> <span class='ocrx_word' id='word_1_83' title='bbox 822 2138 979 2216; x_wconf 84' lang='lat' dir='ltr'>ferrugine</span> <span class='ocrx_word' id='word_1_84' title='bbox 1000 2137 1093 2213; x_wconf 82' lang='lat' dir='ltr'>luces,</span> 
     </span>
    </p>

    <p class='ocr_par' dir='ltr' id='par_1_15' title="bbox 209 2236 989 2316">
     <span class='ocr_line' id='line_1_16' title="bbox 209 2236 989 2316; baseline 0 -20"><span class='ocrx_word' id='word_1_85' title='bbox 209 2236 312 2297; x_wconf 91' lang='lat' dir='ltr'>debita</span> <span class='ocrx_word' id='word_1_86' title='bbox 333 2238 410 2297; x_wconf 90' lang='lat' dir='ltr'>dum</span> <span class='ocrx_word' id='word_1_87' title='bbox 430 2238 503 2297; x_wconf 85' lang='lat' dir='ltr'>fatis</span> <span class='ocrx_word' id='word_1_88' title='bbox 524 2238 639 2316; x_wconf 79' lang='lat' dir='ltr'>refugit</span> <span class='ocrx_word' id='word_1_89' title='bbox 659 2239 747 2299; x_wconf 85' lang='lat' dir='ltr'>frons</span> <span class='ocrx_word' id='word_1_90' title='bbox 768 2237 854 2297; x_wconf 90' lang='lat' dir='ltr'>arida</span> <span class='ocrx_word' id='word_1_91' title='bbox 874 2255 989 2306; x_wconf 85' lang='lat' dir='ltr'>casum,</span> 
     </span>
    </p>

    <p class='ocr_par' dir='ltr' id='par_1_16' title="bbox 208 2335 972 2413">
     <span class='ocr_line' id='line_1_17' title="bbox 208 2335 972 2413; baseline -0.001 -18"><span class='ocrx_word' id='word_1_92' title='bbox 208 2338 349 2413; x_wconf 87' lang='lat' dir='ltr'>sertaque</span> <span class='ocrx_word' id='word_1_93' title='bbox 370 2335 546 2397; x_wconf 83' lang='lat' dir='ltr'>deformant</span> <span class='ocrx_word' id='word_1_94' title='bbox 565 2339 682 2396; x_wconf 87' lang='lat' dir='ltr'>terram</span> <span class='ocrx_word' id='word_1_95' title='bbox 703 2337 827 2412; x_wconf 88' lang='lat' dir='ltr'>delapsa</span> <span class='ocrx_word' id='word_1_96' title='bbox 846 2335 972 2410; x_wconf 85' lang='lat' dir='ltr'>vietam,</span> 
     </span>
    </p>

    <p class='ocr_par' dir='ltr' id='par_1_17' title="bbox 209 2434 1209 2512">
     <span class='ocr_line' id='line_1_18' title="bbox 209 2434 1209 2512; baseline 0 -19"><span class='ocrx_word' id='word_1_97' title='bbox 209 2434 306 2511; x_wconf 89' lang='lat' dir='ltr'>fitque</span> <span class='ocrx_word' id='word_1_98' title='bbox 323 2434 381 2494; x_wconf 90' lang='lat' dir='ltr'>sali</span> <span class='ocrx_word' id='word_1_99' title='bbox 397 2435 502 2512; x_wconf 85' lang='lat' dir='ltr'>fragor</span> <span class='ocrx_word' id='word_1_100' title='bbox 517 2436 548 2495; x_wconf 89' lang='lat' dir='ltr'>et</span> <span class='ocrx_word' id='word_1_101' title='bbox 565 2455 732 2495; x_wconf 90' lang='lat' dir='ltr'>nemorum</span> <span class='ocrx_word' id='word_1_102' title='bbox 752 2437 784 2494; x_wconf 89' lang='lat' dir='ltr'>et</span> <span class='ocrx_word' id='word_1_103' title='bbox 804 2435 871 2494; x_wconf 90' lang='lat' dir='ltr'>loca</span> <span class='ocrx_word' id='word_1_104' title='bbox 888 2436 999 2494; x_wconf 89' lang='lat' dir='ltr'>cuncta</span> <span class='ocrx_word' id='word_1_105' title='bbox 1018 2435 1209 2510; x_wconf 84' lang='lat' dir='ltr'>pererrat,-</span> 
     </span>
    </p>

    <p class='ocr_par' dir='ltr' id='par_1_18' title="bbox 207 2533 1040 2609">
     <span class='ocr_line' id='line_1_19' title="bbox 207 2533 1040 2609; baseline 0.002 -17"><span class='ocrx_word' id='word_1_106' title='bbox 207 2533 285 2592; x_wconf 89' lang='lat' dir='ltr'>haec</span> <span class='ocrx_word' id='word_1_107' title='bbox 306 2553 400 2609; x_wconf 84' lang='lat' dir='ltr'>super</span> <span class='ocrx_word' id='word_1_108' title='bbox 419 2534 526 2593; x_wconf 85' lang='lat' dir='ltr'>orbata</span> <span class='ocrx_word' id='word_1_109' title='bbox 547 2533 711 2594; x_wconf 75' lang='lat' dir='ltr'>crebrescit</span> <span class='ocrx_word' id='word_1_110' title='bbox 730 2553 877 2594; x_wconf 85' lang='lat' dir='ltr'>murmur</span> <span class='ocrx_word' id='word_1_111' title='bbox 896 2533 934 2592; x_wconf 91' lang='lat' dir='ltr'>ab</span> <span class='ocrx_word' id='word_1_112' title='bbox 956 2533 1040 2608; x_wconf 86' lang='lat' dir='ltr'>urbe,</span> 
     </span>
    </p>

    <p class='ocr_par' dir='ltr' id='par_1_19' title="bbox 208 2627 949 2709">
     <span class='ocr_line' id='line_1_20' title="bbox 208 2627 949 2709; baseline 0 -19"><span class='ocrx_word' id='word_1_113' title='bbox 208 2631 407 2709; x_wconf 84' lang='lat' dir='ltr'>absentisque</span> <span class='ocrx_word' id='word_1_114' title='bbox 428 2632 517 2692; x_wconf 92' lang='lat' dir='ltr'>dolor</span> <span class='ocrx_word' id='word_1_115' title='bbox 535 2632 639 2692; x_wconf 89' lang='lat' dir='ltr'>luctus</span> <span class='ocrx_word' id='word_1_116' title='bbox 659 2627 806 2692; x_wconf 83' lang='lat' dir='ltr'>incendit.</span> <span class='ocrx_word' id='word_1_117' title='bbox 848 2633 880 2691; x_wconf 90' lang='lat' dir='ltr'>at</span> <span class='ocrx_word' id='word_1_118' title='bbox 899 2631 949 2690; x_wconf 94' lang='grc'>1111</span> 
     </span>
    </p>

    <p class='ocr_par' dir='ltr' id='par_1_20' title="bbox 208 2730 1056 2807">
     <span class='ocr_line' id='line_1_21' title="bbox 208 2730 1056 2807; baseline 0.001 -18"><span class='ocrx_word' id='word_1_119' title='bbox 208 2751 266 2790; x_wconf 87' lang='lat' dir='ltr'>nec</span> <span class='ocrx_word' id='word_1_120' title='bbox 286 2731 410 2807; x_wconf 82' lang='lat' dir='ltr'>lapsum</span> <span class='ocrx_word' id='word_1_121' title='bbox 430 2731 544 2791; x_wconf 88' lang='lat' dir='ltr'>metuit</span> <span class='ocrx_word' id='word_1_122' title='bbox 564 2751 622 2790; x_wconf 91' lang='lat' dir='ltr'>nec</span> <span class='ocrx_word' id='word_1_123' title='bbox 643 2730 703 2790; x_wconf 87' lang='lat' dir='ltr'>scit</span> <span class='ocrx_word' id='word_1_124' title='bbox 722 2730 919 2807; x_wconf 80' lang='lat' dir='ltr'>languescere</span> <span class='ocrx_word' id='word_1_125' title='bbox 941 2730 1056 2790; x_wconf 87' lang='lat' dir='ltr'>laurus.</span> 
     </span>
    </p>

    <p class='ocr_par' dir='ltr' id='par_1_21' title="bbox 207 2828 889 2904">
     <span class='ocr_line' id='line_1_22' title="bbox 207 2828 889 2904; baseline 0 -16"><span class='ocrx_word' id='word_1_126' title='bbox 207 2829 266 2888; x_wconf 89' lang='lat' dir='ltr'>hos</span> <span class='ocrx_word' id='word_1_127' title='bbox 286 2828 340 2888; x_wconf 92' lang='lat' dir='ltr'>ille</span> <span class='ocrx_word' id='word_1_128' title='bbox 360 2829 461 2891; x_wconf 87' lang='lat' dir='ltr'>evasit</span> <span class='ocrx_word' id='word_1_129' title='bbox 480 2828 573 2904; x_wconf 88' lang='lat' dir='ltr'>soles,</span> <span class='ocrx_word' id='word_1_130' title='bbox 593 2829 644 2889; x_wconf 88' lang='lat' dir='ltr'>his</span> <span class='ocrx_word' id='word_1_131' title='bbox 665 2828 765 2888; x_wconf 84' lang='lat' dir='ltr'>sidera</span> <span class='ocrx_word' id='word_1_132' title='bbox 785 2830 889 2888; x_wconf 89' lang='lat' dir='ltr'>mutat</span> 
     </span>
    </p>

    <p class='ocr_par' dir='ltr' id='par_1_22' title="bbox 209 2925 1075 3001">
     <span class='ocr_line' id='line_1_23' title="bbox 209 2925 1075 3001; baseline -0.001 -14"><span class='ocrx_word' id='word_1_133' title='bbox 209 2927 372 2988; x_wconf 84' lang='lat' dir='ltr'>imbribus,</span> <span class='ocrx_word' id='word_1_134' title='bbox 416 2928 560 2988; x_wconf 76' lang='lat' dir='ltr'>autumni</span> <span class='ocrx_word' id='word_1_135' title='bbox 581 2947 640 2988; x_wconf 90' lang='lat' dir='ltr'>nos</span> <span class='ocrx_word' id='word_1_136' title='bbox 659 2928 825 2987; x_wconf 88' lang='lat' dir='ltr'>flammeus</span> <span class='ocrx_word' id='word_1_137' title='bbox 845 2925 956 2986; x_wconf 87' lang='lat' dir='ltr'>asserit</span> <span class='ocrx_word' id='word_1_138' title='bbox 977 2927 1075 3001; x_wconf 87' lang='lat' dir='ltr'>ardor,</span> 
     </span>
    </p>

    <p class='ocr_par' dir='ltr' id='par_1_23' title="bbox 209 3025 1148 3102">
     <span class='ocr_line' id='line_1_24' title="bbox 209 3025 1148 3102; baseline 0.001 -17"><span class='ocrx_word' id='word_1_139' title='bbox 209 3025 258 3085; x_wconf 84' lang='lat' dir='ltr'>fax</span> <span class='ocrx_word' id='word_1_140' title='bbox 279 3025 382 3086; x_wconf 85' lang='lat' dir='ltr'>brevis</span> <span class='ocrx_word' id='word_1_141' title='bbox 404 3026 548 3086; x_wconf 87' lang='lat' dir='ltr'>autumni</span> <span class='ocrx_word' id='word_1_142' title='bbox 559 3047 567 3101; x_wconf 88' lang='lat'>;</span> <span class='ocrx_word' id='word_1_143' title='bbox 589 3045 647 3086; x_wconf 91' lang='lat' dir='ltr'>nec</span> <span class='ocrx_word' id='word_1_144' title='bbox 666 3025 799 3102; x_wconf 86' lang='lat' dir='ltr'>longum</span> <span class='ocrx_word' id='word_1_145' title='bbox 819 3027 952 3102; x_wconf 83' lang='lat' dir='ltr'>tempus,</span> <span class='ocrx_word' id='word_1_146' title='bbox 975 3026 1008 3084; x_wconf 87' lang='grc'>91</span> <span class='ocrx_word' id='word_1_147' title='bbox 1026 3025 1148 3086; x_wconf 85' lang='lat' dir='ltr'>instant</span> 
     </span>
    </p>

    <p class='ocr_par' dir='ltr' id='par_1_24' title="bbox 209 3123 914 3184">
     <span class='ocr_line' id='line_1_25' title="bbox 209 3123 914 3184; baseline 0.001 -2"><span class='ocrx_word' id='word_1_148' title='bbox 209 3143 273 3182; x_wconf 93' lang='lat' dir='ltr'>non</span> <span class='ocrx_word' id='word_1_149' title='bbox 293 3126 435 3184; x_wconf 87' lang='lat' dir='ltr'>exoratae</span> <span class='ocrx_word' id='word_1_150' title='bbox 455 3123 611 3183; x_wconf 83' lang='lat' dir='ltr'>taciturna</span> <span class='ocrx_word' id='word_1_151' title='bbox 633 3123 758 3183; x_wconf 89' lang='lat' dir='ltr'>silentia</span> <span class='ocrx_word' id='word_1_152' title='bbox 778 3124 914 3184; x_wconf 90' lang='lat' dir='ltr'>brumae.</span> 
     </span>
    </p>

    <p class='ocr_par' dir='ltr' id='par_1_25' title="bbox 209 3220 990 3283">
     <span class='ocr_line' id='line_1_26' title="bbox 209 3220 990 3283; baseline 0 -2"><span class='ocrx_word' id='word_1_153' title='bbox 209 3242 264 3282; x_wconf 89' lang='lat' dir='ltr'>ver</span> <span class='ocrx_word' id='word_1_154' title='bbox 282 3222 376 3282; x_wconf 93' lang='lat' dir='ltr'>illum</span> <span class='ocrx_word' id='word_1_155' title='bbox 397 3220 558 3282; x_wconf 87' lang='lat' dir='ltr'>assiduum</span> <span class='ocrx_word' id='word_1_156' title='bbox 578 3224 610 3282; x_wconf 86' lang='lat' dir='ltr'>et</span> <span class='ocrx_word' id='word_1_157' title='bbox 630 3221 719 3281; x_wconf 90' lang='lat' dir='ltr'>nullo</span> <span class='ocrx_word' id='word_1_158' title='bbox 738 3221 893 3282; x_wconf 85' lang='lat' dir='ltr'>violabilis</span> <span class='ocrx_word' id='word_1_159' title='bbox 914 3241 990 3283; x_wconf 80' lang='lat' dir='ltr'>aevo</span> 
     </span>
    </p>
   </div>
   <div class='ocr_carea' id='block_1_4' title="bbox 209 3318 1174 3467">
    <p class='ocr_par' dir='ltr' id='par_1_26' title="bbox 209 3318 1174 3467">
     <span class='ocr_line' id='line_1_27' title="bbox 209 3318 1056 3396; baseline 0.001 -17"><span class='ocrx_word' id='word_1_160' title='bbox 209 3319 291 3380; x_wconf 88' lang='lat' dir='ltr'>fama</span> <span class='ocrx_word' id='word_1_161' title='bbox 312 3320 407 3380; x_wconf 92' lang='lat' dir='ltr'>habet</span> <span class='ocrx_word' id='word_1_162' title='bbox 427 3321 459 3380; x_wconf 88' lang='grc'>91</span> <span class='ocrx_word' id='word_1_163' title='bbox 479 3319 571 3379; x_wconf 88' lang='lat' dir='ltr'>sertis</span> <span class='ocrx_word' id='word_1_164' title='bbox 592 3321 685 3396; x_wconf 86' lang='lat' dir='ltr'>caput</span> <span class='ocrx_word' id='word_1_165' title='bbox 705 3318 937 3379; x_wconf 90' lang='lat' dir='ltr'>immortalibus</span> <span class='ocrx_word' id='word_1_166' title='bbox 958 3323 1056 3380; x_wconf 92' lang='lat' dir='ltr'>ornat</span> 
     </span>
     <span class='ocr_line' id='line_1_28' title="bbox 1069 3431 1174 3467; baseline 0.019 -3"><span class='ocrx_word' id='word_1_167' title='bbox 1069 3431 1093 3467; x_wconf 76' lang='lat' dir='ltr'>F.</span> <span class='ocrx_word' id='word_1_168' title='bbox 1105 3431 1139 3465; x_wconf 77' lang='lat' dir='ltr'>m:</span> <span class='ocrx_word' id='word_1_169' title='bbox 1151 3433 1174 3466; x_wconf 81' lang='grc' dir='ltr'>Ρ.</span> 
     </span>
    </p>
   </div>
   <div class='ocr_carea' id='block_1_5' title="bbox 0 0 1516 4494">
    <p class='ocr_par' dir='ltr' id='par_1_27' title="bbox 0 0 1516 4494">
     <span class='ocr_line' id='line_1_29' title="bbox 0 0 1516 4494; baseline 0 0"><span class='ocrx_word' id='word_1_170' title='bbox 0 0 1516 4494; x_wconf 95' lang='lat' dir='ltr'> </span> 
     </span>
    </p>
   </div>
  </div>
 </body>
</html>
