3004 4520
610 327 825 374 OXONIENSIS

678 707 753 748 cm

380 803 501 863 Natalis
522 803 598 863 haec
620 823 698 880 quae
719 803 801 863 dona
822 803 881 863 tibi
901 803 967 863 dies

381 901 454 961 Nilo
475 902 571 962 creati
591 921 662 961 rara
683 902 837 962 Leonidae
910 979 914 984 ⁵

420 1001 552 1075 advexit,
576 1001 755 1077 exemplum
775 1001 905 1060 rotundi

460 1098 596 1158 aetheris
616 1101 648 1159 et
668 1099 834 1159 simulacra
856 1100 940 1174 caeli,

380 1194 532 1272 Poppaea,
556 1194 692 1254 coniunx
713 1215 802 1255 eume
823 1197 930 1256 eadem
952 1196 1038 1256 Iovis

379 1293 531 1368 Augusta.
577 1292 710 1352 Gratum
731 1312 806 1352 nam
826 1293 885 1352 tibi
905 1313 961 1354 nec
983 1294 1060 1354 toris

419 1389 559 1449 sordebit
578 1389 753 1467 indignum,
777 1412 878 1469 neque
899 1392 977 1452 illud

461 1488 587 1565 ingenio
609 1490 803 1566 sapientiore.

672 1943 761 1984 cxvrr

259 2037 331 2097 Non
351 2036 443 2097 illum
464 2037 569 2113 laudo,
589 2057 662 2097 cura
681 2037 811 2098 meliore
831 2040 997 2113 carentem,

258 2152 431 2230 quiritem
451 2153 562 2231 ignave
584 2153 674 2214 molli
693 2156 852 2231 porrectus
873 2153 907 2213 in
928 2153 1026 2214 herba

258 2269 343 2329 solua
364 2268 435 2346 agit,
460 2269 636 2346 mentisque
656 2269 720 2329 situ
741 2269 912 2330 decrescere
933 2270 1017 2330 vires

258 2385 324 2461 ipse
344 2383 447 2444 iubet:
475 2385 583 2445 vultus
603 2385 757 2445 avertitur
776 2385 829 2445 ille
850 2385 1015 2459 timendos,

258 2499 357 2576 gloria
377 2499 467 2573 clera,
491 2501 571 2576 tuoe,
597 2500 690 2560 decus
710 2503 741 2560 et
761 2501 833 2576 plus
854 2500 922 2560 labe
942 2501 1077 2561 veretur.

258 2614 312 2672 ille
332 2615 414 2675 mihi
435 2615 538 2691 potior
559 2615 614 2692 qui
634 2635 708 2676 cura
729 2615 883 2676 exercitus
904 2617 992 2676 omni

257 2730 412 2806 privatam
432 2730 467 2789 in
488 2732 629 2808 requiem
648 2731 769 2807 peperit
790 2750 868 2807 quae
888 2729 1013 2806 publica
1032 2729 1134 2789 virtus

257 2846 317 2904 fert
338 2845 452 2920 abiens,
475 2865 584 2921 paoem
604 2849 675 2922 poet
694 2845 813 2904 incluta
833 2844 949 2921 proelia
969 2845 1087 2919 nactae,

257 2961 382 3038 otiaque
402 2960 526 3020 eximiis
545 2961 670 3020 decorat
689 2960 769 3020 bene
789 2961 879 3035 parta
898 2961 1040 3035 tropaeis„

257 3077 341 3136 hunc
362 3076 562 3137 decedentem
583 3075 724 3153 sequitur
743 3075 935 3151 tacitumque
956 3077 1084 3135 coronat

258 3193 373 3270 gloriar
400 3194 518 3252 secreta
538 3191 611 3252 colit
633 3191 718 3250 hunc
738 3190 773 3248 in
793 3190 865 3249 sede
884 3189 1035 3249 latentem

257 3327 347 3368 musa
366 3327 496 3382 memor,
512 3307 690 3383 fidibusque
710 3308 743 3365 et
761 3305 898 3364 carmine
917 3305 1034 3366 mulcet
1054 3306 1214 3381 inempto;

258 3424 361 3483 servat
381 3422 520 3482 amicitia
539 3423 572 3481 et
592 3421 679 3480 cultu
700 3419 807 3498 gavisa
827 3419 968 3480 modesto

258 3537 449 3615 simplicitas,
472 3536 648 3613 humilique
668 3537 828 3612 potentem
848 3535 959 3595 limine
979 3536 1109 3614 cingunt

258 3652 362 3713 felices
381 3652 465 3714 oleae
485 3654 518 3712 et
538 3649 730 3712 viridissima
749 3650 857 3711 laurus
877 3650 1051 3711 obumbret.

1075 3763 1098 3798 B.
1112 3762 1134 3798 0.
1148 3761 1182 3795 W·
1269 3787 1273 3795 .
