3052 4496
633 350 848 398 OXONIENSIS

699 805 780 848 Lvm

410 933 460 1010 Ἀ,
484 935 513 1012 δ,
535 936 567 1001 τί
586 932 652 999 ποτ’
676 933 714 1000 αὖ
736 934 898 1017 κινάθισμα
920 939 1021 1001 ποδῶν
1033 961 1044 1010 ,·

412 1039 442 1102 τί
462 1038 487 1104 δ’
513 1039 740 1122 ἐπιστροφάδην
761 1039 902 1106 νίσσεται
924 1041 1017 1108 οὕτως

413 1144 507 1225 ῥεῦμα
528 1149 676 1226 γυναικῶν
688 1168 699 1218 ,·
730 1145 762 1207 οἱ
783 1143 839 1224 μέν
861 1169 895 1208 τε
916 1144 1015 1226 βάδην

416 1248 447 1309 αἱ
469 1244 495 1310 δ’
518 1245 682 1326 άλλομέναι

415 1355 561 1432 σκιρτῶσι
582 1349 691 1433 χοροὺς
714 1351 915 1430 έλελίζουσαι·

415 1457 657 1536 θυρσοφοροῦσιν
678 1453 704 1517 δ’
728 1456 760 1518 έκ
782 1455 931 1536 μετεώρου

414 1557 516 1640 χειρὸς
538 1556 654 1639 ἀέρδην,
676 1557 800 1625 λευκοὺς
823 1558 848 1622 δ’
871 1558 967 1640 ῶμους

413 1665 559 1743 προχοαῖς
582 1660 690 1741 ἀνέδην
713 1661 875 1742 κρύπτουσι
898 1667 1004 1744 κομῶν·

414 1927 567 1994 Μαινάδες
589 1928 690 2012 οὗτοι,1
707 1931 761 1996 τὰς
783 1933 818 1992 τδ
841 1929 947 2007 νεάζον

413 2032 460 2115 χῶ
483 2036 551 2098 θεὸς
574 2028 650 2116 θρμᾷ

415 2140 536 2219 θερμαῖς
557 2137 713 2216 μανίαισιν
736 2136 790 2218 ἀφ’
810 2137 896 2214 θλης.

414 2239 464 2304 διὰ
485 2239 511 2304 δ’
533 2238 668 2320 εθκήλων
690 2241 789 2322 ἀγρῶν
811 2241 939 2324 μαλεραὶ

413 2346 469 2424 τὴν
491 2346 670 2428 νεθδρεπτον
692 2345 741 2408 καὶ
761 2347 962 2429 πολύχωστον

415 2450 490 2514 ποσὶ
513 2449 740 2531 κραιπνοοιίτοις
762 2452 922 2530 στείβουσι
944 2453 1033 2516 πάαν·

416 2555 465 2618 καὶ
486 2559 546 2618 τῶν
568 2559 685 2631 βατιῶν
707 2555 907 2619 άποσυλῶσαι

415 2656 564 2738 στέφεσιν
584 2660 721 2739 χλοεροΐς
744 2663 974 2740 στεφανοῦνται·

414 2767 473 2826 τῶν
495 2761 520 2825 δ’
542 2762 719 2842 ἁλλομένου
743 2759 791 2827 καί
813 2763 984 2840 παιζουσῶν

414 2870 525 2944 μεστὸς
547 2865 661 2945 λειμδν
682 2867 829 2948 ίαχαῖσιν.

416 3128 455 3192 σὺ
476 3129 511 3195 δέ
530 3155 591 3211 μοι,
613 3129 758 3210 βουκόλε,
779 3129 864 3194 τίπτε
886 3130 1028 3214 σιινπᾷιι

414 3236 447 3299 τί
465 3233 499 3297 δὲ
521 3231 674 3317 σύριγγας,
696 3233 727 3296 τί
748 3235 781 3296 δὲ
804 3233 853 3296 καὶ
876 3231 1014 3316 κατέχεις

415 3337 503 3404 αὐτὸς
523 3336 651 3412 άοιδάν;

415 3441 485 3505 ἀλλ’
507 3443 552 3506 ἴθι
574 3447 673 3523 κῶμον
695 3439 769 3523 πρὸς
792 3440 943 3505 Διονύσου

414 3544 467 3610 τὸν
488 3547 636 3628 πολυηχῆ·
667 3549 760 3610 τῶνδε
781 3542 838 3627 γὰρ
861 3543 948 3622 ῶμον

415 3649 493 3716 τίνες
516 3649 699 3732 ἁβρότεροι,·
730 3649 809 3716 τίνος
833 3649 1002 3730 ὀφθαλμῶν

415 3758 571 3832 μαλθακὸν
592 3755 669 3818 οθτω
690 3752 786 3834 βέλος
798 3791 799 3794 “
809 3755 957 3835 θρμῖιται,·
