3052 4496
636 358 850 406 OXONIENSIS

372 518 462 584 δόλος
485 520 572 583 οδτδς
594 517 652 599 γὰρ
675 518 791 599 ἔρότων

372 619 422 685 ἐπὶ
446 624 563 698 θνητοῖς
587 620 631 684 ὅδ’
655 621 701 683 ἀεὶ
724 617 914 687 κάθανάτοις·

459 723 593 803 κάλαμος
614 722 640 786 δ’
665 724 715 787 οἶα
735 725 838 806 ῥαγεὶς

455 826 546 912 ᾔμαξ’
571 826 664 908 ἀγκὰς
688 827 805 911 ἔχοντα.

371 934 580 998 κατέκλαυσαν

371 1034 434 1100 τόθ’
457 1035 594 1112 ἀποντες,
619 1034 660 1098 οῖ’
683 1034 729 1111 ἀν,
752 1035 845 1117 οἶμαι,

371 1138 426 1203 κάν
449 1140 519 1221 σφὼ
542 1144 595 1203 νῦν
616 1163 652 1221 γε
676 1139 827 1215 κλύοντες,

457 1243 559 1327 φθόνῳ
584 1241 672 1321 εἰμὴ
696 1240 807 1323 φρένας
830 1239 848 1321 ἢ

456 1345 547 1430 γήραϊ
568 1346 604 1424 δὴ
626 1345 841 1428 ’παχνοόσθην

697 1726 780 1766 LXIII

305 1829 340 1887 A.
373 1823 453 1887 Εἶεν·

368 1926 446 2010 ἀγαν
468 1925 648 2010 φοβούμεθ·
680 1927 719 1993 ὡς
742 1927 779 1990 τὰ
801 1927 890 1991 πάνθ’
913 1926 975 2006 ἔξει
999 1931 1107 1994 καλῶς.

304 2037 337 2094 Β.
371 2033 467 2095 καίτοι
489 2031 590 2112 σοφάν
613 2031 731 2112 κολοῖμ’
754 2029 791 2096 ἀν
814 2033 898 2098 ὅστις
922 2029 958 2095 ἂν
980 2037 1100 2112 βροτῶν

368 2135 499 2216 νεφέλας
522 2136 594 2201 ἰδών
615 2134 682 2199 ποτ’
705 2135 926 2216 ἔγκολόπτηται
951 2133 1033 2215 κόρα·

368 2239 441 2304 ὅταν
464 2241 496 2304 δέ
517 2240 608 2320 μείζω
631 2242 737 2320 φύλλα
759 2239 915 2326 καταπέσῃ
938 2238 1033 2322 χαμαὶ

367 2343 495 2426 πάρεστι
518 2344 639 2425 χειμών·
668 2343 758 2422 ἡλίου
781 2345 806 2409 δ’
829 2346 961 2428 ἀπουσίᾳ

365 2446 409 2513 τίς
432 2445 499 2530 οάχῖ
522 2447 611 2512 νόκτα
633 2447 811 2532 προσδοκᾷ,·
843 2453 930 2529 φιλεῖ
951 2449 984 2512 δέ
1004 2473 1052 2510 τοι

367 2551 469 2631 τυφδς
492 2551 587 2634 ἄωρος
609 2556 700 2632 λιμδν
724 2552 866 2636 ἔχθιστον
889 2550 1004 2632 φέρειν.

366 2652 433 2737 πόχ’
456 2653 493 2718 ἀν
516 2660 615 2721 καλῶς
639 2655 706 2736 ἔχοι
729 2652 801 2718 τάδ’·
832 2657 858 2717 εί
881 2653 907 2717 δ’
930 2656 1004 2717 οθτω
1028 2658 1108 2720 θεοῖς

365 2762 466 2822 τελεῖν
487 2756 620 2821 δέδοκται
643 2757 794 2838 κρείσσον’
816 2755 834 2836 ἢ
859 2757 922 2820 κατ’
945 2755 1030 2835 ἀξίαν

365 2859 449 2941 ἡμῶν
471 2860 535 2924 τόδ’
557 2862 653 2937 ἔσται,
676 2861 737 2945 χῶς
761 2860 856 2943 ἔμοιγ’
881 2859 931 2924 ἀπ’
952 2862 1092 2924 ἐλπίδων.

300 2968 332 3026 Γ.
364 2963 383 3043 ἦ
405 2962 509 3027 πολλὰ
531 2968 589 3029 πᾶς
611 2990 656 3030 τις
680 2967 712 3027 ἔν
735 2961 845 3045 φρεσὶν
867 2965 968 3030 δείσας
991 2965 1067 3048 ἔχει·

365 3067 436 3131 κοάκ
459 3066 524 3130 ἔσθ’
547 3068 604 3149 ὅτῳ
627 3093 672 3132 τις
696 3069 738 3133 εἰς
760 3068 868 3149 λόγους
892 3068 977 3130 ἔλθοι
998 3065 1094 3145 ξυνὼν

363 3169 403 3250 μὴ
426 3169 509 3235 δεινά
531 3196 594 3237 πως
616 3171 780 3235 λεόσσοντι
804 3168 971 3252 φροντίδων
993 3169 1091 3253 βάρει.

300 3279 334 3338 Β.
366 3279 453 3355 φιλεῖ
474 3276 531 3358 γὰρ
554 3273 629 3338 εἶναι
653 3278 756 3350 τοῦτο,
779 3274 849 3355 πρίν
871 3298 900 3336 τι
922 3276 1006 3353 πῆμα
1028 3302 1066 3363 γρ

363 3376 519 3457 σκήπτειν·
551 3382 718 3459 προτορβεῖ
738 3377 811 3460 γοῦν
833 3402 877 3443 τις
900 3379 933 3441 οὐ
955 3379 1142 3462 διχορρόπως

364 3481 398 3544 τδ
420 3481 545 3560 μέλλον,
568 3478 611 3545 οῖ’
633 3479 671 3546 ἀν
692 3486 765 3564 πρδς
789 3485 865 3547 θεῶν
888 3483 1065 3563 ὁρμώμενος·

363 3584 402 3649 ὣς
425 3583 473 3648 καὶ
497 3582 669 3663 θάλασσαν,
692 3585 771 3666 χεῖμ’
795 3587 868 3649 ὅταν
889 3584 989 3672 μέλλῃ
1011 3587 1145 3666 βρέμειν,

363 3689 512 3753 ἀνθοῦσαν
534 3691 634 3771 ὑγροῖς
658 3691 776 3769 είδομεν
798 3690 981 3756 κλυδωνίοις.

1107 3807 1127 3842 J,
1139 3809 1164 3843 A.
1178 3809 1203 3843 G.
