3010 4494
579 359 792 410 OXONIENSIS

676 867 691 910 1

211 973 337 1058 Ἔρχεό
359 1000 411 1055 μοι
434 977 591 1057 τρίλλιστε
614 976 676 1041 κατ’
701 977 803 1058 ύρεος,
825 980 921 1064 ἔρχεο,
944 981 1032 1062 κάρα·

215 1085 312 1143 ποῖον
338 1080 384 1162 ἀρ’
407 1082 503 1162 ύφεος
526 1082 596 1148 δδος
609 1083 683 1157 ,·-δ
705 1083 845 1161 βωκόλος
869 1087 927 1148 ὦδε
947 1083 1145 1164 μέλισδεν·-

215 1186 321 1264 ύψεος
345 1182 364 1263 ἢ
387 1183 514 1268 πάχνας,
535 1186 587 1250 ταί
607 1184 632 1250 τ’
657 1186 749 1270 ὤρεσι
772 1189 884 1266 κόσμος
907 1188 1052 1263 ἕπονται,·

216 1290 302 1370 λῆγε
326 1288 445 1371 δρόμων
467 1296 527 1355 τῶν
548 1291 606 1372 ύφι
628 1289 698 1373 παρ’
721 1289 824 1372 αἰθέρι,
847 1296 925 1374 λῆγε
947 1292 980 1355 δὲ
1002 1292 1124 1357 πεύκαις

218 1391 392 1472 στίλβουσ’
416 1396 449 1457 ἐν
472 1399 649 1460 σκελεταῖσι
672 1394 741 1461 νέον
763 1396 851 1478 φάος·
882 1395 952 1460 ούδέ
971 1421 1001 1463 τι
1024 1397 1061 1459 σὲ
1083 1395 1140 1478 χρὴ

218 1494 278 1573 δὴν
304 1497 382 1560 οὕτω
406 1497 564 1578 νιφόεντος
587 1499 727 1581 ε’φιζέμεν
750 1499 850 1582 ἀστέρ’
875 1499 921 1563 ἐπ’
943 1498 1032 1581 άκρω.

220 1599 311 1662 ἀλλὰ
335 1599 398 1663 κατ’
421 1602 512 1684 ὤρεος
535 1600 734 1685 ὦκα-μέγας
757 1603 825 1670 θεδς
847 1605 880 1669 έν
903 1603 1063 1668 πεδίοισιν·

222 1702 258 1765 έν
281 1729 331 1767 τοι
350 1700 449 1786 Ἔρως
470 1705 802 1792 πεδίοισι-κατέρχεο,
824 1707 904 1785 δίζεο
926 1705 952 1771 δ’
973 1708 1062 1771 αὐτὸν

221 1805 261 1884 ἠέ
284 1833 347 1871 πον
368 1809 507 1890 ἀφνειοῖο
529 1809 700 1890 ποθήμενον
723 1812 827 1892 ἀνέρος
849 1807 935 1896 ούδῷ,

222 1909 259 1987 ἠὲ
285 1911 350 1989 μετ’
373 1912 509 1992 εύκάρπω
533 1914 709 1996 Δαμάτερος
733 1915 765 1979 έν
787 1920 947 1996 κριθαῖσιν,

224 2014 292 2078 εἴτε
314 2013 370 2100 νέῳ
392 2013 461 2098 περὶ
482 2023 576 2084 λανδς
599 2019 750 2094 ἐρεύθεται
772 2020 855 2083 οίνου
877 2018 973 2102 ἀώτῳ,

226 2116 287 2183 εἴθ’
309 2121 430 2186 ἀπαλάς
452 2122 470 2184 ὅ
491 2148 527 2204 γε
549 2123 640 2210 φοιτῇ
663 2121 708 2186 ἀν’
731 2122 875 2200 ἄμπελος,
898 2123 964 2186 οἶον
986 2117 1121 2198 ἀλώπηξ.

227 2223 263 2285 ού
289 2247 317 2285 τι
339 2223 396 2306 γὰρ
420 2222 567 2308 ἀργάεντα
591 2224 720 2306 καρήατα
743 2223 888 2303 πλάζεται
910 2226 1020 2290 Αἴτνας

226 2329 328 2404 τῆνος,
351 2329 412 2391 ὅπα
434 2327 574 2395 Θάνατός
596 2354 633 2412 γε
655 2329 742 2412 φέρει
764 2329 843 2392 πόδα
864 2327 971 2394 πότνιά
992 2326 1019 2389 τ’
1041 2325 1126 2390 Ἀώς·

227 2430 300 2494 οὔτε
322 2457 368 2495 νιν
390 2430 428 2496 ἀν
451 2431 620 2514 νιφόεσσας
644 2431 803 2515 άγρευέμεν
826 2433 892 2497 ἐστὶ
915 2431 1072 2515 φάραγγας

228 2532 294 2598 οὔτ’
314 2535 371 2617 ἀρα
395 2536 572 2621 κρυστάλλῳ
596 2538 808 2615 κατακείμενον
830 2539 875 2602 εἰν
897 2535 1056 2619 ἀπελέθριρ

230 2636 250 2722 ᾇ
274 2639 438 2721 στυφέλοις
461 2641 665 2720 προπέτεσσιν
686 2639 865 2724 έπειγομένα
887 2639 1092 2705 σπιλάδεσσιν

229 2745 287 2806 κάδ
310 2743 474 2826 δνοφεροδς
496 2749 651 2811 πυλεῶνας
673 2742 840 2827 ἀγάστονος
863 2743 936 2824 ἦνθε
957 2742 1101 2826 χαράδρα.

229 2846 315 2910 ἀλλὰ
336 2847 371 2911 τύ
393 2873 449 2930 περ
471 2848 602 2912 πεδίονδ’
624 2847 813 2931 έποχευμένα
834 2847 902 2912 ένθὲ
924 2845 1089 2929 χαράδραις

229 2950 280 3014 καὶ
304 2950 384 3029 ζάτει
405 2957 459 3015 τὸν
476 2947 605 3034 Ἔρωτα·
634 2956 669 3014 τδ
691 2947 717 3015 δ’
738 2950 843 3033 ἀγριον
866 2948 1083 3031 ἀγκυλόχειλες

230 3055 322 3117 αἰετῶ
346 3055 378 3117 έν
401 3054 601 3118 σκοπέλοισιν
624 3055 658 3118 έα
681 3052 768 3136 γένος
792 3053 857 3117 οἶον
880 3054 989 3135 ἶαχεῖν.

229 3157 400 3240 χαιρόντων
421 3156 447 3221 δ’
469 3157 554 3240 ὄρεος
576 3157 688 3240 πτύχες
710 3155 846 3220 άσπετοι·
876 3153 984 3237 ἐρρέτω
1007 3155 1099 3230 ἀτμοῦ

229 3263 321 3342 μυρία
341 3257 494 3327 δινάεντος
515 3261 577 3324 ἀνω
600 3260 712 3343 στέφε’,
733 3258 819 3341 ἀέρας
841 3259 931 3340 άχνα,

232 3363 380 3443 τακόμεν’,
403 3365 442 3432 ὡς
466 3365 550 3446 σοφά
575 3390 630 3447 περ
653 3363 849 3428 κατατάκεται
871 3363 955 3444 ὅρκια
977 3367 1102 3428 θνατῶν.

233 3467 316 3532 ἀλλά
337 3467 372 3532 τδ
393 3465 495 3549 μηκέτ’
515 3471 585 3533 ἴσον
608 3466 782 3531 κατατάκεο·
812 3466 860 3530 καὶ
882 3464 941 3549 γάρ
963 3463 1044 3530 άπαν
1066 3490 1112 3528 τοι

234 3573 269 3633 ἐκ
290 3571 393 3635 πεδίον
414 3571 440 3636 τ’
462 3569 616 3654 έγέλασσε
639 3566 686 3634 καὶ
710 3570 791 3652 ἀμφί
810 3594 858 3633 τοι
876 3569 969 3651 ὤρορε
992 3571 1103 3632 καπνοῦ

236 3671 333 3739 κυάνε’
357 3676 389 3738 ε’κ
410 3673 569 3754 μελάθρων
592 3676 787 3757 στηρίγματα·
816 3671 905 3736 τέκνα
928 3697 961 3736 τε
983 3676 1089 3753 φωνεῖ,

237 3776 287 3840 καί
309 3803 355 3842 τοι
378 3779 457 3861 έγάν
480 3778 611 3861 συρίσδω
635 3778 651 3840 ὁ
673 3777 824 3858 βύκολος·
856 3776 929 3840 ἂδέα
951 3773 976 3837 τ’
1001 3777 1073 3856 ἀχεῖ

274 3878 304 3938 1ss
