3010 4494
603 316 818 380 oxomartsls

668 923 755 964 xxm

250 1017 408 1094 Despicit:
435 1020 529 1096 atque
550 1018 599 1078 illi
619 1019 713 1080 facies
734 1020 889 1082 latissima
908 1023 1009 1081 terrae

249 1120 386 1193 apparet,
410 1117 557 1195 sedesque
578 1118 746 1179 hominum
767 1119 970 1196 florentiaque
991 1138 1085 1180 arva:

250 1214 301 1275 hio
322 1215 457 1274 Martem
476 1215 581 1277 videt:
610 1217 747 1276 excelsae
768 1219 855 1277 stant
874 1217 1016 1277 turribus
1036 1218 1136 1294 urbes,

249 1313 499 1391 conveniuntque
520 1314 583 1375 viri
602 1314 695 1376 vultu
715 1315 781 1374 fera
801 1315 883 1375 bella
904 1315 1069 1390 minantes,

250 1411 371 1488 ingenti
391 1412 499 1488 specie,
524 1412 571 1471 nil
592 1433 658 1473 non
678 1413 791 1474 audere
812 1413 919 1490 parati

249 1525 322 1582 pars
343 1506 467 1583 rapidos
487 1510 608 1567 exercet
629 1527 732 1584 equos,
756 1526 829 1583 pars
850 1507 969 1583 spicula
990 1512 1120 1586 gestant,

251 1604 374 1678 diversi,
398 1606 453 1665 aut
474 1604 573 1664 aciem
594 1604 671 1664 socii
690 1604 905 1681 glomerantur
925 1606 960 1665 in
980 1626 1093 1668 unam:

252 1702 303 1762 hic
322 1701 441 1780 equites
461 1703 556 1778 videt,
580 1703 633 1763 hic
652 1703 789 1780 pedites:
816 1704 904 1765 venit
924 1705 1062 1783 undique
1082 1707 1180 1782 miles,

252 1821 316 1860 non
336 1803 469 1861 temere:
496 1801 571 1861 hinc
592 1801 676 1862 idem
696 1821 828 1880 magnos
848 1802 928 1863 lecto
949 1804 1073 1881 agmine
1094 1806 1208 1883 tauros,

252 1902 358 1959 tauros
377 1901 410 1959 et
430 1900 523 1976 pleno
543 1900 697 1960 formosas
718 1900 812 1960 ubere
832 1919 941 1961 vaccas

252 2016 268 2056 e
290 1997 388 2072 pratis
409 1997 507 2073 abigit
526 1999 578 2059 vel
597 1997 766 2075 pinguibus
786 1998 879 2075 eripit
899 1999 982 2076 agris

252 2095 405 2172 lanigeras
425 2097 589 2172 praedator
610 2096 695 2157 ovis:
723 2097 778 2158 vix
798 2096 942 2156 hostibus
962 2097 1029 2173 ipse

252 2195 386 2271 effugere
407 2215 424 2254 e
444 2195 558 2254 m'ediis
578 2194 736 2272 sociosque
758 2214 910 2254 arcessere
931 2198 1053 2271 pastor:

253 2292 301 2351 illi
319 2293 442 2368 adeunt,
467 2293 629 2370 multoque
650 2293 751 2354 oritur
772 2313 844 2353 cum
865 2293 1017 2371 sanguine
1037 2313 1151 2372 pugna.

253 2391 370 2452 crudeli
391 2392 465 2452 ludo
486 2411 519 2452 se
540 2391 722 2452 commisere
744 2393 906 2454 cohortes:

255 2509 315 2566 qua
334 2490 428 2550 modo
448 2491 615 2567 pascebant
635 2491 774 2568 pecudes,
799 2491 933 2552 ridentia
953 2494 1041 2568 prata

255 2608 337 2648 nunc
358 2589 479 2648 deserta
498 2589 617 2650 iacent:
644 2609 728 2648 nunc
748 2589 867 2666 passim
887 2593 986 2651 strata
1007 2593 1151 2652 cruentos

254 2706 340 2746 arma
359 2686 466 2747 virum
486 2705 611 2763 campos
631 2689 664 2746 et
684 2707 791 2764 sparsa
811 2688 960 2748 cadavera
981 2688 1114 2750 foedant

255 2787 353 2845 castra
374 2785 478 2845 locant
499 2785 554 2844 alii
573 2787 606 2845 et
626 2785 785 2846 munitam
806 2786 984 2846 comminus
1005 2787 1117 2846 urbem

255 2883 413 2944 obsidione
433 2886 582 2960 premunt
602 2883 753 2961 scalisque
774 2887 830 2944 aut
850 2884 944 2945 ariete
965 2886 1129 2962 temptant,

254 2982 445 3043 effodiuntve
465 2982 589 3042 aditus:
616 2982 665 3041 illi
685 2982 722 3042 de
743 2983 907 3043 moenibus
928 2983 1052 3043 hostem

254 3081 439 3156 proturbant
458 3080 568 3140 iaculis
588 3083 620 3140 et
640 3099 714 3141 saxa
735 3100 770 3140 ac
791 3081 920 3142 sulfuris
942 3081 1048 3159 ignem

254 3178 430 3254 proiciunt:
459 3179 565 3239 caedes
585 3181 617 3240 et
638 3179 718 3240 facta
739 3181 879 3257 ingentia
898 3181 1055 3260 utrinque.
1125 3180 1126 3186 '

1078 3292 1103 3326 A.
1115 3291 1141 3328 1).
1154 3292 1178 3327 θ.
