3052 4496
602 375 818 426 OXONIENSIS

653 629 773 672 nxxxvt

255 726 336 801 Quid
357 726 385 785 si
406 726 514 786 nullus
534 727 636 787 Amor
656 728 780 787 decorat
799 725 859 788 tibi
878 724 992 787 flebilis
1010 745 1123 788 urnam

294 845 350 884 nec
372 821 524 885 simulant
544 824 653 885 vultus
672 844 829 885 marmora
848 825 925 886 trita
944 827 1024 900 tuos,

256 920 361 981 invida
381 940 439 980 nec
459 921 543 981 iusto
564 921 660 982 donat
681 920 821 982 Libitina
840 921 944 996 cubili,

294 1023 413 1080 mussat
434 1021 466 1079 et
487 1021 526 1080 ad
548 1021 677 1080 bustum
697 1021 829 1098 praefica
849 1019 938 1080 nulla
958 1021 1075 1080 tuum?

250 1121 282 1177 at
302 1118 362 1178 tibi
382 1117 441 1177 sub
463 1117 564 1178 multo
584 1121 750 1194 consurget
770 1119 846 1179 flore
867 1118 1054 1196 sepulcrum,

294 1219 325 1276 et
347 1216 459 1277 leviter
478 1216 573 1277 viridi
594 1216 727 1294 caespite
748 1219 831 1277 terra
852 1220 992 1294 premet;

255 1319 286 1374 at
308 1314 362 1374 lux
383 1317 453 1375 crta
473 1315 560 1375 dabit
580 1315 724 1376 lacrimas
745 1335 823 1392 quae
842 1314 945 1393 prima
965 1316 1112 1389 recentes,

296 1415 439 1491 sertaque
461 1414 618 1476 florebunt
639 1414 728 1474 nulla
748 1413 850 1492 priora
870 1414 956 1490 tuis3

256 1514 288 1570 at
308 1513 448 1589 Dryades
469 1512 563 1573 niveo
583 1515 745 1573 nectentes
765 1512 891 1572 brachia
913 1515 1002 1573 coetu

297 1611 467 1671 defendent
489 1609 587 1670 cineri
607 1631 680 1671 rura
701 1614 817 1671 saerata
838 1613 903 1673 tuo.

257 1711 346 1768 tanta
367 1708 455 1786 quies
475 1710 557 1786 sopit
578 1709 705 1769 tacitam
726 1709 877 1786 cippoque
898 1712 1056 1769 carentem

297 1827 392 1884 quam
414 1807 504 1867 decor
524 1810 658 1883 ornarat,
683 1808 788 1885 gloria,
813 1827 938 1883 nomen,
963 1827 1045 1883 opes,

258 1908 393 1982 quantus
414 1925 504 1965 amer
523 1905 633 1982 fuerat,
657 1925 750 1982 quam
771 1904 818 1965 nil
839 1905 899 1965 tibi
919 1908 1014 1966 restat
1034 1905 1209 1965 honorum!

297 2024 354 2063 nec
375 2004 470 2064 refert
491 2005 624 2065 tulerint
646 2024 724 2081 quae
745 2005 821 2080 loca,
844 2003 939 2081 quive
958 2023 1089 2081 parens3

259 2102 363 2178 pulvis
384 2121 417 2162 es
438 2102 578 2179 exiguus,
598 2105 739 2179 superest
759 2101 841 2162 nihil
861 2101 1016 2180 amplius:
1037 2103 1123 2162 este:

301 2220 359 2259 nec
381 2220 469 2277 reges
489 2200 574 2278 ipsos
595 2219 680 2260 mers
700 2200 783 2261 sinet
804 2219 871 2262 esse
891 2200 954 2261 diu.

1075 2311 1097 2345 Τ.
1111 2312 1138 2346 Η.
1152 2309 1185 2344 W.

654 2555 789 2596 LXXXVII

394 2649 526 2732 Σμινθία
549 2651 780 2735 φαοσίμβροτον
795 2649 896 2734 άρχετ’
918 2649 1020 2732 ὕμνην,

393 2759 523 2837 χρυσιᾶν
544 2755 639 2838 αὐγᾶν
661 2752 694 2822 δς
717 2753 858 2836 ἀθάρματ’
881 2753 954 2817 Atat

397 2856 565 2938 συμβάλων
587 2860 728 2940 λάμπρον
749 2857 829 2940 φάος
851 2855 1024 2922 ὀπτάτεσσι

656 2961 777 3045 κακχέει
799 2961 899 3027 οὗτος·

397 3061 465 3129 ὦπα
485 3071 549 3147 γῶν
571 3066 637 3130 θεία
660 3065 790 3129 κλέεται.
835 3062 904 3146 φέρ’
926 3062 1020 3145 ὕμνον

397 3166 482 3249 ἄξιον
504 3169 613 3254 Φοίβῳ
634 3169 817 3249 μελίσωμεν,
838 3169 872 3234 ὅς
894 3193 926 3232 τε

399 3269 491 3350 ἱζάνει
514 3272 630 3353 θρόνοις
652 3271 872 3351 ἀδαμαντίνοις,
888 3273 912 3334 l-

657 3372 706 3454 ήϊε
729 3373 837 3453 Ποίαν,

398 3476 564 3560 φαρμάκων
587 3481 711 3542 Μοισᾶν
732 3505 767 3544 τε
788 3478 894 3542 ἄνακτι
915 3482 1026 3544 πασᾶν.

400 3587 459 3663 τΰρ
482 3584 515 3645 δὲ
538 3580 618 3661 δηῦτ’
641 3580 761 3664 άίρρετε
782 3587 889 3663 βῶμον
910 3582 996 3664 άμφί·

401 3683 507 3763 δήσατ’
529 3682 553 3748 ὦ
576 3683 722 3766 δάφναισι
745 3686 849 3768 λύραν,
870 3685 977 3767 μίτραν
999 3710 1031 3749 τε

487 3789 611 3869 πέρθετε
633 3788 724 3874 χαίτρ

306 3903 334 3948 10
