3052 4496
644 311 860 363 oxourmsrs
1196 317 1253 380 135

707 475 808 520 LXXIX

296 572 376 633 Cum
396 571 488 633 video
509 571 631 650 antiqui
653 574 811 651 quondam
832 573 942 635 decora
963 593 1055 635 aurea
1076 573 1169 636 saecli

335 671 442 732 omnia
462 672 623 732 damnosis
642 674 732 732 eruta
753 673 955 748 temporibus,

295 788 479 847 eversasque
500 771 568 830 solo
588 770 694 846 turris,
719 773 905 847 aeternaque
925 767 1001 830 ferri

335 869 446 928 robora
467 867 595 929 mortali
615 868 740 929 subdita
761 869 929 942 saevitiae;

296 986 368 1026 cum
387 966 480 1027 video
500 967 614 1027 fluctus
634 968 756 1042 partem
776 966 931 1028 violenter
951 986 1061 1027 avaros

335 1065 458 1125 demere
478 1065 632 1125 harenoso
652 1065 754 1125 litoris
774 1065 914 1142 imperio,

294 1165 326 1223 et
346 1165 464 1222 terram
483 1162 619 1240 liquidas
639 1161 786 1223 invadere
807 1183 916 1223 rursus
937 1163 971 1222 in
992 1162 1102 1237 undae,

335 1264 485 1339 partaque
506 1282 564 1337 pro
586 1261 729 1338 demptis,
753 1281 871 1339 proque
893 1282 950 1339 ope
971 1262 1173 1338 pauperiem3

296 1380 368 1419 cum
388 1360 433 1419 sic
454 1360 498 1419 ire
518 1360 602 1420 vices
621 1360 713 1420 video
733 1381 789 1437 per
809 1363 921 1420 mutua
941 1379 1055 1435 rerum,

336 1459 517 1535 factumque
536 1478 555 1517 e
575 1458 684 1519 solidis
704 1459 841 1518 molibus
862 1458 1014 1533 exitium3

297 1575 347 1615 me
369 1576 492 1633 quoque
513 1557 602 1614 tanta
621 1555 712 1615 ruina
732 1558 848 1632 monet,
871 1557 1056 1634 quandoque
1078 1557 1222 1617 futurum

337 1657 374 1714 ut
394 1655 523 1715 dirimat
541 1656 682 1715 nostram
703 1656 829 1730 tempus
848 1654 1030 1716 amicitiam.

297 1773 316 1813 o
336 1753 425 1813 dolor
445 1753 636 1828 exanimans,
661 1755 733 1812 oet
754 1752 922 1826 deflendus,
947 1753 1061 1812 habere

337 1852 369 1911 id
390 1851 440 1912 cui
460 1853 656 1928 praemetuas
679 1852 713 1910 tu
734 1853 840 1910 tamen
861 1850 1043 1912 interitum!

1121 1963 1146 1996 A.
1160 1962 1183 1998 Τ.
1196 1963 1220 1996 Β.

711 2063 796 2103 Lxxx

418 2159 489 2220 Hoc
509 2160 589 2219 tecta
609 2157 712 2218 reddit
732 2160 807 2218 nota
827 2158 975 2235 puertiae,

419 2257 516 2318 scalas
537 2257 678 2317 sonantis
697 2258 855 2334 gressibus
876 2258 986 2334 Orbili,

458 2356 558 2417 ineisa
578 2376 641 2433 qua
659 2357 779 2432 scalpro
799 2357 920 2433 procaci

498 2455 628 2515 nomina
647 2455 819 2531 parietibus
840 2459 1025 2532 supersunt;

417 2555 470 2614 hic
491 2557 523 2613 et
544 2554 616 2614 silet
636 2574 696 2614 vox
719 2554 803 2614 clara
823 2553 978 2614 sodalium
999 2557 1030 2614 et

418 2651 501 2710 risus
522 2654 629 2711 acutae
649 2653 681 2711 et
700 2651 794 2711 nenia
814 2650 916 2727 tibiae,

459 2750 624 2827 discusque
645 2749 764 2809 tinnitu
785 2750 917 2809 molesto

500 2847 556 2925 qui
575 2867 706 2908 vacuam
727 2847 861 2923 strepuit
881 2867 936 2924 per
955 2847 1068 2909 aulam.

419 2965 445 3020 a,
469 2946 545 3004 tolle
565 2945 696 3006 vinum!
724 2947 788 3005 iam
809 2965 910 3022 neque
930 2946 1047 3005 talibus

420 3043 511 3103 ardor
530 3046 658 3103 renatus
679 3041 798 3102 deliciis
819 3046 897 3120 eget,

459 3142 612 3218 priscique
633 3160 803 3217 perrenae
825 3160 945 3201 amores

501 3239 612 3299 mitius
632 3242 728 3316 utque
749 3239 817 3298 seni
837 3239 1002 3300 calescunt.

420 3339 556 3417 potanda
576 3338 618 3397 ait
637 3339 690 3398 vel
710 3338 849 3414 lympha,
872 3337 1031 3398 videbitur

420 3437 478 3497 hac
497 3439 588 3497 nocte
610 3436 711 3497 Canae
731 3437 802 3496 fusa
822 3436 957 3513 repotiis,

460 3535 608 3612 iussuque
630 3534 737 3595 divino
757 3535 931 3611 rubescens,

500 3632 623 3711 dignior
641 3635 675 3694 et
694 3633 759 3694 face
780 3633 923 3710 nuptiali.

1078 3746 1101 3782 t.
1114 3745 1139 3781 Ι).
1153 3747 1179 3781 Δ.
1191 3745 1220 3782 ¹1.
