3052 4496
640 356 854 405 OXONIENSIS

695 645 798 686 XLVIII

311 762 343 818 Γ.
370 755 415 819 Ὢ
437 755 511 838 πρὸς
534 757 565 819 τί
584 758 686 839 χρείας
708 763 768 822 τῶν
789 757 890 838 λόγων
912 761 1063 836 φειδωλὸς
1086 757 1121 833 εἰ,

374 861 473 942 χοῦτω
497 861 616 943 σιωπᾷς
639 859 749 925 κούκέτ’
774 859 904 936 ἆσπάζει
926 860 1060 940 φίλους,·

313 968 345 1026 Β.
377 963 429 1027 οὐκ
453 965 519 1027 ἐστὶ
542 963 599 1046 γάρ
620 989 672 1043 μοι
692 962 810 1047 ῥήμαθ’,
833 965 878 1029 οἶς
900 963 1017 1043 χαίρειν
1041 963 1101 1027 ἔδει

377 1069 473 1131 εἰπεῖν
495 1069 629 1147 φίλοισι,
651 1074 800 1148 γλῶσσαν
822 1067 856 1130 οὗ
878 1071 924 1129 δεῖ
946 1064 1115 1146 ξυλλαβεῖν

376 1175 487 1250 φρενὸς
510 1168 660 1248 νοσούσης
683 1171 762 1233 ὥστε
786 1170 930 1249 κοόφισαι
953 1167 1057 1248 βάρος.

313 1278 345 1336 Γ.
379 1275 411 1337 ἕν
434 1275 473 1360 τῷ
495 1273 652 1356 παραυτίχ’
675 1273 713 1339 ὡς
736 1274 821 1338 ἀπὼν
844 1273 949 1353 ἀλγεῖς
972 1275 1075 1353 μόνον.

311 1381 344 1438 Β.
375 1379 408 1439 έν
430 1379 470 1462 τῷ
490 1376 644 1459 παραυτίκ’
668 1376 772 1458 ἄλγος,
794 1374 831 1456 ἢν
853 1375 933 1459 χαρά
953 1374 983 1458 γ’
1005 1376 1077 1463 άπῇ.

311 1485 341 1543 Γ.
376 1480 446 1543 ἀλλ’
469 1478 504 1560 ἓξ
526 1480 577 1558 ἔτη
602 1507 652 1544 σοι
675 1481 731 1544 σὺν
753 1480 841 1564 τάχει
864 1480 1050 1562 παροίχεται.

312 1589 345 1646 Β.
376 1585 514 1668 χαίροντί
534 1582 573 1667 γ’·
604 1584 697 1668 ἄλγος
721 1583 746 1648 δ’
771 1583 807 1664 ἐξ
827 1589 893 1650 ένὸς
916 1588 999 1647 ποιεῖ
1020 1582 1100 1647 δέκα.

312 1693 342 1750 Γ.
378 1690 575 1768 ὁδοιπορῆσαι
597 1687 730 1771 τέριμεω.Ι
753 1689 843 1772 χάριν
865 1688 956 1752 δόκει.

312 1797 344 1853 Β.
377 1791 462 1856 οὐδὲν
485 1796 520 1853 τὸ
542 1790 627 1870 δόξαι
650 1795 736 1855 τοῦτο
759 1793 841 1871 πλὴν
863 1793 981 1856 στένειν
1004 1792 1101 1871 φέρει,

376 1895 415 1962 ὡς
437 1896 559 1974 είσομαί
578 1922 613 1978 γε
636 1896 710 1976 πρὸς
732 1893 805 1976 βίαν
828 1896 949 1978 φεύγων
972 1894 1078 1977 χθόνα.

312 2003 343 2062 Γ.
375 1997 430 2077 τήν
451 2024 499 2062 τοι
521 1999 616 2064 πάλιν
639 1997 783 2078 καλλίον’,
807 2000 834 2064 εί
853 1999 974 2078 κάμνεις
997 1998 1062 2081 ὁδῷ,

375 2099 452 2180 έξεις
474 2104 607 2183 πορείαν·
637 2103 676 2168 ὡς
699 2104 763 2187 ἔχει
786 2102 823 2166 τά
845 2105 928 2182 τίμια

377 2211 437 2270 τῶν
457 2205 498 2285 μὴ
521 2208 697 2289 πρεπόντων
721 2207 834 2286 κόσμον
858 2204 894 2285 ἐξ
914 2207 1041 2285 ὁμιλίας.

312 2314 345 2371 Β.
377 2311 434 2395 ὁπῇ
457 2312 512 2388 μὲν
535 2309 588 2374 οὖν
610 2310 667 2390 εἶμ’
691 2313 723 2375 έν
744 2312 848 2377 πόνοις
870 2311 1033 2390 ὀλόμενος,

376 2413 474 2492 μνήμη
499 2412 640 2493 ξυνέσται
661 2419 781 2494 μᾶλλον
804 2415 843 2481 ὡς
864 2416 954 2497 γαίας
976 2413 1055 2477 πολὺ

375 2519 469 2597 μῆκός
490 2518 519 2598 μ’
544 2520 679 2602 ἀπείργει
702 2526 760 2583 τῶν
783 2516 847 2597 ἐμοὶ
869 2517 1051 2598 τιμωμένων.

377 2627 423 2684 δὴ
464 2621 473 2646 ι
512 2621 521 2645 κ
571 2623 583 2654 ιι
699 2625 714 2640 Λ
871 2623 880 2646 ν
934 2622 942 2645 ³
973 2623 981 2646 ‹
1008 2624 1022 2639 Α

395 2647 421 2685 ει
442 2649 481 2700 μ,
505 2649 544 2688 ως
567 2649 655 2702 εοικε,
678 2629 749 2711 τῃδε
773 2628 934 2687 δουλευονθ
967 2627 1025 2708 οδω

377 2728 476 2807 πόρρω
499 2731 673 2791 πλανᾶσθαι
697 2730 844 2807 πατρίδος·
876 2726 932 2791 εἶθ’
956 2728 1028 2789 ὅταν
1050 2725 1143 2789 πάλιν

377 2829 586 2912 ἐλευθερωθεὶς
608 2833 701 2898 ἀστὸς
724 2833 766 2898 εῖς
790 2829 899 2896 ἀστοὺς
922 2835 1009 2906 τελῶ,

376 2933 474 3012 λάπης
496 2935 616 3014 βιώσας
638 2935 811 3016 προστάτου
833 2932 1036 3017 γεγράψομαι.

314 3040 344 3097 Γ.
376 3039 428 3102 οὐκ
450 3037 517 3102 ἔσθ’
539 3038 589 3103 ὑπ’
613 3040 717 3122 αὐγαῖς
739 3039 828 3118 ἡλίου
849 3045 955 3122 χῶρος,
976 3035 1090 3112 τέκνον,

378 3142 411 3204 οὗ
433 3148 496 3208 τοῖς
519 3149 629 3225 σοφοῖς
650 3171 686 3226 γε
708 3143 748 3223 μή
768 3141 846 3207 ’στιν
868 3143 990 3224 εὔορμος
1013 3140 1112 3222 λιμήν.

377 3242 456 3307 ταῦτ’
479 3244 516 3325 ἐξ
536 3245 667 3329 ἀνάγκης
690 3244 923 3326 ξυλλογίζεσθαι
944 3244 1049 3322 μαθδν

377 3347 486 3430 στέργ“·
517 3348 557 3416 ὡς
580 3349 693 3435 ἀνάγκῃ
716 3348 813 3412 πάντα
836 3353 953 3412 νικῖιται
976 3347 1076 3428 κράτη·

381 3453 455 3534 κούχ
477 3453 517 3519 ὡς
539 3451 666 3518 ἄνακτος
689 3452 827 3516 ἐκπεσὼν
849 3454 968 3518 πόλεως
989 3453 1048 3515 ὕπο

375 3555 488 3620 ἄνακτα
510 3555 535 3619 δ’
558 3556 646 3622 αὐτὸς
669 3556 708 3621 ὡς
730 3554 922 3634 μεταστήσας
944 3555 1060 3636 φρόνει·

376 3659 473 3737 λύπης
496 3659 554 3742 γάρ
576 3657 622 3722 ἀεὶ
643 3665 746 3742 χεῖρον
769 3662 814 3726 οἶς
836 3658 1011 3742 ἐντυγχάνει

379 3763 487 3848 ἀθυμία
506 3761 657 3844 ,φέρουσιν
680 3763 811 3844 ἔγκειται
833 3762 938 3845 βάρος.
