3004 4520
613 340 827 388 OXONIENSIS

696 705 746 747 0121

113 799 116 805 ’
220 802 329 862 Multis
350 802 405 862 illa
426 802 529 863 modis
548 822 646 880 parvo
667 821 757 862 mens
777 802 859 861 laeta
879 801 990 878 parari,

220 926 247 985 si
268 926 379 1000 nescis,
403 926 510 1002 possit.
554 925 677 1003 sapiens
699 945 775 985 nam
799 925 906 1002 ‘plura
927 925 1044 985 habeo’
1065 924 1167 1001 inquit

223 1050 337 1126 ‘quam
358 1049 471 1125 cupio‚'
492 1052 548 1110 aut
568 1049 652 1110 idem
677 1051 813 1128 ‘quanto
834 1048 988 1109 infelicior
1008 1068 1076 1109 esse

221 1193 316 1250 quam
335 1193 419 1234 nunc
436 1191 508 1233 sum
527 1174 690 1249 poteram!
724 1174 860 1232 fundum
874 1194 946 1233 cum
959 1173 1095 1250 perdidit
1110 1191 1218 1243 unum,

220 1296 305 1356 haud
326 1297 408 1357 male
428 1297 611 1374 Aristippus
632 1297 747 1358 solanti
767 1297 859 1357 fortis
880 1296 980 1358 amico

223 1425 305 1482 ‘tres
326 1421 407 1482 mihi
428 1424 522 1481 sunt’
543 1422 647 1498 inquit
671 1421 779 1481 ‘fundi
799 1441 892 1496 nunc,
917 1424 1065 1498 quattuor
1086 1420 1170 1494 olim,

219 1549 250 1604 te
271 1549 346 1606 tuus
367 1565 450 1605 unus
470 1546 543 1606 alit:
572 1548 714 1605 nostram
735 1565 872 1604 maerere
892 1545 994 1606 vicem
1015 1547 1046 1604 te

219 1667 294 1744 quid
316 1669 446 1728 decet?’
476 1671 510 1726 at
530 1667 637 1727 stultis
659 1688 781 1743 semper
801 1667 985 1745 locupletior
1006 1667 1110 1726 obstat

219 1797 292 1854 ante
314 1793 420 1853 oculos
441 1792 569 1869 positus,
594 1812 651 1852 nec
671 1813 787 1870 egenos
807 1795 838 1851 ct
859 1791 960 1868 magis
981 1793 1049 1851 arto

220 1915 391 1991 respiciunt
412 1915 499 1976 victu
518 1914 639 1976 vicinos
659 1915 765 1976 vivere
787 1918 900 1976 suetos.

221 2040 324 2098 omnis
344 2039 379 2098 in
399 2041 533 2115 angusto
553 2040 637 2098 vitae
659 2040 722 2098 stat
741 2059 817 2098 vera
837 2039 991 2114 voluptas,

220 2183 294 2222 vera
315 2163 413 2222 bona:
440 2164 471 2221 et
491 2163 620 2221 cunctos
641 2163 748 2220 tamen
768 2161 842 2221 hinc
864 2159 1001 2220 amentia
1021 2160 1117 2219 flectit

220 2290 364 2347 strenua:
395 2285 589 2363 prospiciunt
608 2288 640 2345 et
660 2284 914 2363 praecedentibus
934 2284 1063 2344 instant.

1072 2409 1107 2444 W.
1120 2409 1144 2442 R.
1159 2409 1186 2442 Η.

689 2771 754 2812 cun

300 2871 370 2930 Stat
389 2869 461 2928 fixis
480 2869 609 2928 demens
630 2868 728 2928 oculis
749 2870 842 2943 atque
864 2886 916 2926 ore
937 2865 1091 2940 trementi,

301 2968 478 3045 attollitque
499 2987 620 3042 manus,
645 2966 745 3043 qualis
766 2965 855 3026 stetit
875 2965 928 3024 ille
950 2966 1115 3041 potentum

300 3067 436 3126 culmine
458 3065 629 3125 Deucalion
650 3065 731 3124 celso
752 3065 908 3139 spectator
928 3083 1091 3140 aquarum,

301 3166 351 3226 vel
372 3165 504 3240 cupidus
524 3163 621 3224 caecis
642 3163 743 3223 solem
764 3162 930 3237 exoptabat
951 3161 1050 3222 Orion

298 3263 491 3336 luminibus3
519 3262 644 3338 iamque
664 3263 699 3320 in
720 3261 856 3337 lapidem
877 3259 1004 3320 cedebat
1025 3259 1167 3334 inertem,

300 3363 405 3422 nullos
428 3362 491 3420 iem
511 3361 655 3438 gemitus,
680 3360 815 3435 suspiria
835 3359 923 3419 nulla
945 3359 1083 3434 daturne,

299 3461 480 3536 ploratusve
502 3478 624 3532 sonum,
648 3458 752 3517 medio
773 3457 835 3516 nisi
855 3457 974 3517 clamor
994 3457 1033 3516 ab
1054 3459 1144 3516 antro

299 3579 468 3636 erumpens
488 3558 638 3636 pavidum
660 3557 751 3616 dictis
773 3556 948 3616 monuisset
969 3555 1095 3616 amicis:

304 3659 397 3717 ‘tuns
418 3657 504 3731 illuc,
526 3655 657 3730 iuvenis,
681 3657 803 3715 metuas
825 3653 1141 3732 descendere‚·pergit

301 3754 412 3812 semita
433 3771 494 3829 qua
513 3749 629 3812 sterilis
650 3751 749 3809 terrae
768 3751 928 3827 penetrare
950 3745 1105 3821 cavernas,
