3052 4496
636 335 850 385 OXONIENSIS

715 577 775 618 0111

374 670 468 756 Βωμῷ
486 672 542 750 μὲν
564 669 619 750 ἥδη
643 669 755 738 πάντες
778 674 811 735 έν
833 672 931 758 κύκλῳ
955 671 1046 755 πέριξ

372 774 443 860 σίγῃ
467 774 653 857 παρίσταντ’,
676 777 756 855 ὄμμα
778 775 803 838 δ’
825 775 1049 858 ἠλλοιωμένους

374 879 471 958 σέβας
494 877 617 962 κατέσχ’
643 881 780 959 ἔμπαιον·
810 881 843 944 ἐν
865 883 898 944 δὲ
919 879 1042 962 μητέρες

375 985 467 1063 σιγᾶν
488 981 602 1047 τέκνοις
625 983 762 1062 ένευσαν,
786 984 818 1046 αἱ
841 987 874 1048 δὲ
896 983 1038 1065 παρθένοι

372 1082 507 1166 ἤμειψαν
529 1087 619 1152 ἄνθος
641 1087 766 1168 χρωτός,
789 1087 829 1154 ὡς
852 1087 1052 1168 φοβούμεναι·

374 1187 418 1272 χῶ
441 1193 502 1253 τῶν
526 1189 591 1253 καθ’
612 1191 689 1268 ὕλην
712 1189 802 1272 πρῶτ’
825 1189 1007 1271 ἀριστεύσας
1028 1195 1129 1277 μακρῷ

373 1293 485 1358 αίδοῖος
507 1291 604 1356 ἵστατ’
626 1292 793 1373 Ἐνδυμίων
815 1294 911 1378 ὦχρός
932 1294 957 1357 τ’
981 1296 1064 1370 ἰδεῖν,

373 1401 432 1458 τῶν
455 1393 647 1479 ξυγκυναγῶν
670 1399 763 1474 δῆλος
785 1399 819 1462 έν
840 1397 1012 1481 πανηγύρει.

374 1499 470 1581 ἱερεὺς
493 1500 517 1562 δ’
541 1501 557 1561 ὁ
580 1498 716 1582 πρέσβυς
739 1503 770 1565 έν
792 1502 875 1586 μέσῳ
900 1504 1021 1568 σταθεὶς
1044 1503 1142 1588 κύκλῳ

372 1707 457 1787 λέγει
480 1710 512 1772 δὲ
535 1715 646 1790 χειρῶν
667 1709 895 1772 ὑπτιασθεισῶν
917 1708 997 1772 τάδε·

371 1807 394 1872 ιδ
417 1809 552 1890 Λάτμιον
573 1810 718 1893 γέννημα,
741 1812 892 1890 ποιμένων
914 1815 1009 1896 χοροί,

372 1911 478 1993 μήλων
499 1913 621 1997 ἔχοντες
642 1914 754 1995 μυρίων
777 1915 975 1998 ἐπιστροφήν,

373 2017 426 2081 εἴτ’
448 2017 501 2081 οὖν
524 2017 573 2081 ἀπ’
598 2017 712 2099 ἄντρων
735 2026 795 2083 τῶν
817 2027 1013 2100 πετρηρεφῶν
1035 2020 1113 2084 κάτω

373 2127 512 2200 κορυφῶν
534 2119 560 2183 τ’
581 2121 686 2202 ὀρείων
707 2120 795 2201 ἥκετ’,
819 2118 871 2185 εἴτ’
893 2120 929 2200 ἐξ
949 2121 1065 2204 ἀγκέων

373 2219 432 2284 ἔνθ
457 2216 557 2282 οὔποτ’
581 2220 744 2284 ἐκλέλοιπε
767 2221 918 2302 συρίγγων
939 2220 1027 2301 μέλη·

373 2323 403 2385 ot
426 2322 452 2386 δ’
476 2325 508 2386 έκ
529 2327 664 2401 βαθειῶν
686 2323 846 2403 λειμάκων,
871 2326 947 2388 ὅπου
970 2326 1056 2391 νότος

373 2424 478 2503 κνύζος
500 2451 532 2490 τε
556 2431 634 2491 κινεῖ
654 2425 791 2510 χρυσέων
814 2426 839 2488 τ’
862 2428 1069 2509 ἀνθεσφόρους

374 2529 511 2594 καλύκων
533 2528 674 2596 ἀκάνθας·
706 2531 738 2593 οί
758 2556 791 2594 τε
813 2531 981 2608 βόσκοντες
1004 2532 1098 2611 φίλον

372 2632 481 2711 μέλημ’
503 2631 552 2696 ε’πὶ
573 2635 695 2715 ῥηγμῖνι
717 2633 839 2698 ποντίας
861 2634 945 2711 άλός,

372 2737 414 2798 ὧν
436 2735 472 2814 δὴ
496 2735 627 2821 φιλῳδοὶ
649 2738 772 2802 δόνακες
796 2737 921 2819 ἀρχαίου
943 2737 1038 2822 ψόφῳ

372 2840 524 2920 Τρίτωνος
547 2842 713 2923 ἀντηχοθσι
736 2841 880 2917 πένθιμον
902 2841 1003 2919 νόμον·

372 2946 404 3006 αἱ
425 2944 450 3006 δ’
472 2944 509 3006 αθ
532 2951 668 3026 γυναῖκες
691 2951 803 3011 αἵτινες
826 2945 892 3007 καθ’
914 2945 1026 3025 ἡμέραν

373 3046 477 3128 πήρας,
500 3050 603 3114 πόνοις
626 3049 734 3128 ἐφόδια
756 3053 820 3114 τοῖς
843 3047 1026 3128 ὀρειβάτοις,

373 3148 542 3231 πορσύνεθ·
572 3152 604 3213 αἱ
628 3150 710 3232 κόραι
733 3151 759 3213 δ’
782 3151 853 3214 ὅσαι
875 3149 904 3231 γ’
927 3149 1075 3232 ἀμήτορας

372 3253 483 3333 ἀμνοὺς
506 3251 630 3334 τρέφειν
653 3252 778 3328 εἰώθατ’,
801 3256 835 3318 έν
857 3251 957 3331 κύλιξι
980 3254 1013 3317 δὲ

370 3361 479 3420 λεκτὸν
502 3354 675 3436 φυλάσσειν
697 3359 736 3442 τῷ
758 3356 930 3442 φιλουμένῳ
952 3355 1030 3433 μέλι·

371 3457 486 3523 ἀκούετ’
507 3457 563 3538 ἤδη
585 3458 703 3524 πάντες·
735 3459 798 3523 ούτι
820 3456 878 3539 μὴν
902 3461 917 3522 ὁ
941 3459 1010 3524 Πὰν

372 3565 413 3627 ὧν
434 3563 492 3646 χρὴ
516 3562 589 3644 πρὸς
611 3562 695 3643 ἡμῶν
718 3563 869 3646 τυγχάνει,
891 3562 985 3646 μέγας
1008 3563 1085 3630 θεός·
