3052 4496
618 348 833 396 OXONIENSIS

685 861 763 905 xc1x

313 962 411 1025 Πόλις
433 959 489 1037 μὲν
510 961 526 1022 ὁ
547 959 624 1038 βίος,
649 962 682 1024 έν
704 959 729 1024 δ’
752 959 913 1039 ἂμαξιτοὺς
936 962 1001 1044 ἔχει

313 1062 437 1146 συχνάς·
468 1064 595 1143 φέρουσι
618 1063 644 1127 δ’
667 1065 697 1128 ές
721 1063 834 1146 ἀγορὰν
857 1065 958 1144 κοινὴν
979 1067 1078 1147 μόρου.

313 1167 340 1230 εί
362 1166 387 1229 δ’
403 1165 440 1245 ἦν
461 1166 634 1247 πριαμένοις
657 1173 722 1248 φῶς
745 1169 829 1248 ὁρᾶν,
853 1166 913 1232 οὔτ’
936 1167 974 1232 ἂν
996 1169 1087 1248 πένης

313 1271 362 1350 ἔζη
387 1269 452 1333 ποτ’
474 1270 580 1351 οὐδείς,
602 1269 661 1334 οὔτ’
686 1271 811 1358 έθνῃσχ’
835 1274 851 1334 ὁ
874 1272 1029 1339 πλούσιος.

1132 1394 1155 1429 L,
1168 1395 1193 1428 0.

714 1802 731 1843 υ

310 1893 435 1959 Φαέθων
458 1895 483 1960 δ’
507 1893 552 1975 ἄρ’
574 1895 671 1982 αὐτός,
694 1901 747 1959 τοῦ
768 1894 837 1977 πρὶν
860 1900 986 1962 εἴδωλον
1007 1900 1063 1978 μὲν
1085 1899 1145 1976 οὖν,

308 1998 415 2079 μέσοις
436 1997 558 2077 δόναξιν
581 2001 684 2080 εὑρέθη
707 2001 902 2084 χαμαιπετής,

311 2103 372 2166 ἄνω
396 2103 474 2166 κάτω
497 2128 530 2166 τε
553 2107 611 2168 πᾶς
634 2105 773 2188 διανταίῳ
796 2103 887 2182 βέλει

310 2205 365 2286 ἤδη
388 2207 548 2288 μελανθεὶς
572 2204 620 2270 καὶ
642 2210 932 2288 κατηνθρακιίμενος.

310 2312 390 2390 ὅμως
412 2310 437 2374 δ’
461 2313 492 2376 ἐς
515 2312 612 2394 ὄχθην
634 2307 742 2392 χερσὶν
763 2312 890 2378 αἰδοίοις
912 2310 1001 2391 δέμας

310 2413 499 2494 ἐβάστασαν,
522 2419 677 2494 λουτροῖσι
700 2414 724 2478 δ’
747 2414 877 2498 ἥγνισαν
897 2414 1003 2496 μάτην.

311 2519 360 2582 καὶ
381 2518 487 2600 ψυχρὰ
509 2518 728 2582 παλλεύκοισιν
750 2518 907 2604 ἥμπισχον
929 2520 1007 2599 μέλη

311 2627 481 2696 στολαῖσιν,
503 2621 567 2686 ἀνθ’
591 2624 633 2686 ὧν
656 2621 886 2702 ἀμφιβάλλεται
908 2626 1015 2706 ῥακῶν.

311 2723 440 2788 κάπετον
462 2729 495 2790 δὲ
516 2726 635 2807 ῥείθρου
657 2726 789 2804 πλησίον
812 2731 974 2808 παρακτίαν

310 2828 415 2905 κοίλην
439 2830 711 2904 κατασκάπτουσιν,
734 2833 847 2914 ὑδρηλῇ
869 2857 903 2895 τε
926 2834 964 2917 γῇ

309 2931 462 3010 πόρρωθεν
484 2931 694 3012 έγκρθπτουσι,
717 2937 776 2996 τῶν
797 2933 902 2997 ἄλλων
924 2936 995 3019 δίχα

310 3034 396 3098 νέκυν
418 3034 566 3116 μονόζυγ’·
598 3038 655 3098 ὦδε
677 3035 734 3117 γὰρ
759 3035 884 3100 θάπτειν
907 3038 997 3118 νόμος

311 3138 403 3203 ὅσους
425 3139 526 3202 ἆνεῖλε
549 3139 624 3206 Ζεὺς
648 3139 799 3220 κεραύνιος
823 3143 928 3222 φλογί·

311 3241 477 3304 σπένδουσι
499 3241 524 3305 δ’
547 3245 627 3306 οἴνου
650 3248 730 3325 δῶρα
753 3245 968 3323 κάπιτυμβίους

312 3347 386 3427 χοὰς
409 3345 521 3407 ἐλαίου·
553 3345 624 3408 κούκ
647 3347 830 3426 ἀφίστανται
852 3353 886 3410 τὸ
908 3349 949 3428 μη
972 3351 1006 3414 οὗ

311 3449 399 3512 ἔπεσι
422 3447 591 3529 πρέπουσιν
613 3447 779 3531 ἐγγράφειν
801 3452 945 3517 ὁθούνεκα

311 3552 439 3633 τύραννα
460 3558 581 3630 τολμῶν
602 3552 751 3636 λαγχάνει
775 3557 949 3635 τυραννικὸν

311 3653 440 3736 πέσημα,
461 3658 563 3736 μεῖζον
585 3657 611 3720 δ’
633 3654 651 3735 ἢ
676 3657 738 3720 κατ’
761 3657 919 3740 άνθριυπον
942 3660 1037 3728 κλέος.

1052 3781 1075 3814 F.
1088 3779 1122 3813 ST.
1137 3781 1156 3813 J·
1170 3780 1190 3813 Τ.
