3004 4520
604 373 822 423 O'XONIENSIS

663 580 764 620 CLVIII

297 673 495 750 Nequiquam
516 672 624 733 laudas
645 675 734 734 fastis
754 675 956 736 memorabile
976 697 1113 751 nomen3

334 799 361 854 a,
386 780 478 839 decus
499 782 548 839 est
567 801 676 855 unum,
701 783 798 852 crede,
820 782 948 843 iuventa
968 783 1044 843 viro.

296 907 358 962 quo
379 887 461 946 mihi
481 908 566 947 nuno
587 888 722 948 laurus?
753 889 858 965 quarti
878 889 1059 950 redimicula
1080 892 1181 966 lustri,

335 993 423 1053 frons
444 995 574 1053 consuta
595 994 718 1054 hederis
739 999 861 1072 myrtea
881 997 981 1072 pluris
1001 999 1077 1056 erat.

294 1111 407 1168 rugosa
427 1092 503 1168 quid
523 1095 606 1152 serta
625 1093 745 1167 iuvant,
771 1093 845 1170 quid
866 1094 969 1154 fronte
991 1096 1147 1155 corollae?

222 1194 225 1202 ’
335 1217 390 1258 ceu
411 1218 481 1257 rosa
503 1219 579 1275 quae
600 1220 696 1259 verno
717 1203 843 1259 mortua
864 1221 932 1260 rore
953 1202 1066 1261 madet.

295 1304 406 1379 gaudia
427 1305 500 1363 tolle
521 1305 602 1364 mihi
623 1306 805 1365 canentibus
827 1306 888 1364 ista
909 1307 1048 1383 capillis3

333 1431 398 1470 nou
418 1432 475 1488 ego
497 1411 567 1488 quis
588 1412 703 1471 emitur
720 1413 767 1470 nil
787 1413 851 1472 nisi
870 1413 961 1488 fama,
986 1434 1101 1474 moror.

293 1518 413 1593 quodsi
437 1518 529 1593 fama,
554 1520 624 1576 tuas
645 1518 752 1577 laudes
773 1517 905 1577 insanus
926 1521 1038 1594 amavi,

334 1624 473 1683 nominis
492 1623 578 1683 haud
600 1623 730 1700 cupidus
752 1625 868 1700 grande
889 1626 1029 1684 sonantis
1049 1646 1145 1700 eram,

292 1729 347 1789 sed
367 1730 495 1790 vultum
516 1729 659 1788 dominas
681 1729 785 1805 potius
806 1733 943 1805 spectare
964 1732 1092 1790 fatentis

332 1836 392 1894 hoc
412 1855 476 1894 non
496 1835 664 1912 indignum
684 1837 792 1910 pectus
814 1855 919 1895 amors
941 1857 1009 1897 suo.

290 1941 342 1999 his
362 1940 498 2017 petiique
520 1941 625 2015 1111111,
649 1940 752 2000 histo
774 1935 901 2019 oepique
922 1944 1061 2018 petitam,

333 2047 470 2106 maxima
491 2048 573 2123 quod
593 2046 711 2107 iubaris
732 2067 803 2123 pars
823 2068 859 2107 oa
880 2049 948 2108 visa
969 2050 1018 2108 tui
1037 2054 1106 2111 est:

291 2153 373 2213 felici
395 2152 539 2230 quotiens
559 2153 707 2213 illuxerat
726 2154 781 2212 illa
802 2155 955 2232 voluptas,

331 2281 448 2320 munus
468 2280 557 2321 amor
577 2260 677 2320 famae
699 2260 876 2338 (sensimus)
897 2262 964 2338 ipse
985 2265 1085 2325 dabat

1085 2377 1106 2411 J·
1119 2379 1138 2412 Β.
1153 2379 1177 2411 Ρ.

675 2521 748 2560 cmx

289 2615 406 2674 Sestias
427 2616 461 2674 in
482 2616 607 2692 specula
627 2618 752 2676 noctem
773 2638 866 2693 quam
886 2617 980 2695 longa
1000 2621 1143 2700 tenebras

330 2713 451 2772 sederat
470 2713 642 2790 explorans,
667 2734 724 2773 nec
744 2717 850 2774 tamen
871 2716 923 2775 ille
944 2715 1041 2777 venit.

289 2817 358 2871 tum
380 2813 527 2871 redeunte
549 2811 598 2870 die
620 2813 721 2870 tristis
742 2813 953 2891 circumspicit
972 2834 1106 2892 aequor3

328 2911 415 2968 nulla
435 2909 497 2969 viri
517 2912 674 2969 monstrat
695 2911 784 2986 signa
804 2912 951 2972 notumve
972 2913 1049 2975 dies.

288 3011 321 3065 11
341 3012 479 3083 spectare
501 3009 617 3067 timens
639 3010 758 3084 spectat
778 3010 905 3083 tamen;
926 3010 999 3087 igne
1020 3012 1167 3072 timorem

329 3109 458 3166 auxerat
478 3106 632 3166 exstineto
654 3107 766 3166 nuntia
787 3108 877 3166 taeda
896 3108 965 3169 viae
976 3131 984 3184 3

285 3224 333 3276 en,
357 3205 509 3264 miserum
530 3205 609 3278 visu,
634 3205 722 3264 iuxta
742 3205 801 3264 sub
821 3207 908 3265 turre
929 3209 1012 3283 quod
1033 3214 1137 3270 aestus

327 3303 487 3378 expulerat
506 3304 643 3363 lacerum
664 3323 775 3378 eorpus
796 3304 932 3363 amantis
952 3308 1026 3366 erat.

287 3405 356 3460 tum
376 3420 451 3460 vero
472 3403 629 3460 amentem
651 3401 780 3460 discissa
800 3404 886 3461 veste
906 3403 1043 3479 puellam

324 3499 526 3574 praecipitem
547 3519 640 3558 muro
662 3499 824 3559 desiluioee
845 3500 960 3576 ierunt,

284 3600 379 3672 atque
400 3597 517 3656 efflasse
538 3616 633 3673 super
653 3597 788 3656 Leandri
807 3598 915 3658 funere
936 3600 1043 3677 vitam,

325 3695 370 3754 sic
391 3715 478 3755 mors
499 3695 658 3755 unanimis
679 3696 809 3756 sustulit
829 3717 893 3757 una
914 3699 1000 3758 duos.

1081 3812 1102 3844 J.
1115 3812 1138 3844 Y.
1150 3813 1170 3845 8.
