3004 4520
627 353 843 404 OXONIENSIS

677 622 803 663 CXXVIII

316 718 389 778 Urit
408 738 459 778 me
480 738 569 778 meus
590 717 752 796 uriturque
773 721 900 778 amator.

315 817 385 892 quis
405 817 454 890 sit,
480 817 654 894 quaeritis?
682 819 729 876 est
750 817 845 876 timor
865 816 963 877 fateri.

314 935 389 974 nam
410 915 599 974 desiderium
619 935 726 974 meum
746 915 869 992 puellae

314 1013 342 1072 si
362 1013 477 1087 norint,
502 1012 574 1087 scic,
598 1011 661 1074 iam
681 1013 799 1087 volent,
821 1014 980 1074 amabunt.

314 1112 364 1171 sin
385 1113 503 1172 celatus
523 1112 591 1186 erit,
614 1111 728 1189 peribit
749 1112 853 1172 omnis

314 1210 451 1270 fructus:
480 1229 556 1268 nam
576 1208 644 1269 leve
665 1209 816 1286 gaudium
837 1212 885 1270 est
906 1211 990 1287 quod
1011 1209 1067 1268 uni

313 1307 475 1366 adsertum
495 1310 593 1382 vacat,
618 1306 709 1367 alteri
729 1310 860 1384 tegetur.

352 1409 386 1465 at
406 1405 544 1482 pulcher,
568 1405 682 1482 quibus
702 1405 844 1466 invenire
864 1405 911 1464 fas
931 1409 986 1480 est,

312 1506 343 1564 et
364 1505 507 1581 fragrans
528 1507 726 1582 vegetusque,
752 1508 788 1565 ut
809 1506 898 1565 albus
920 1508 1035 1580 aether,

313 1606 413 1663 aestas
434 1624 508 1664 cum
529 1605 617 1678 calet,
641 1606 716 1663 utve
737 1623 835 1680 purus
856 1623 915 1664 aer.

313 1704 383 1761 tum
404 1723 459 1762 ceu
480 1702 613 1762 candida
634 1722 726 1761 mane
748 1702 887 1762 liliorum

311 1801 388 1860 haec
410 1801 525 1860 illicet
545 1800 657 1860 facies:
684 1821 786 1878 neque
806 1801 891 1860 hunc
911 1801 1007 1860 latere

312 1899 436 1958 confido
457 1901 572 1973 tamen,
597 1901 628 1958 et
648 1900 750 1976 magis
770 1899 902 1959 verebor

312 1997 440 2056 dautem
460 1997 604 2073 pluribus
625 2000 657 2057 et
677 1997 728 2058 sui
747 1997 919 2074 profusum.

684 2299 784 2342 cxxrx

310 2397 339 2456 N
341 2419 382 2457 on
403 2418 481 2473 mea,
505 2418 570 2458 non
591 2398 701 2474 populi
721 2397 849 2457 timidae
870 2397 1030 2474 praesagia
1049 2397 1166 2456 mentis

349 2518 455 2558 rerum
475 2499 627 2559 venturas
647 2498 818 2559 vaticinata
838 2495 931 2571 vices,

310 2599 436 2672 tempus
457 2597 613 2656 amicitiae
633 2599 784 2674 poterunt
804 2597 869 2656 iam
889 2616 1005 2673 ponere
1025 2597 1159 2670 nostrae,

349 2715 445 2772 quam
464 2696 559 2756 modo
580 2696 718 2756 clausuri
738 2715 841 2755 carcer
860 2698 892 2755 et
912 2715 1011 2755 uncus
1032 2696 1128 2754 erant.

309 2793 385 2853 luna
405 2793 576 2854 laborando
597 2794 716 2870 defecit,
740 2797 773 2854 et
793 2794 884 2853 irrita
903 2795 1033 2853 vertunt

350 2892 455 2951 omina
476 2893 605 2952 terrifici
625 2914 703 2970 quae
725 2894 860 2952 cecinere
882 2912 979 2952 senes.

307 2991 399 3050 anxia
420 2991 484 3050 iam
505 2991 602 3064 festis,
626 3012 717 3052 curae
737 3011 855 3051 cessere
876 2990 1007 3064 coronis,

347 3089 431 3164 pacis
452 3089 655 3149 inexhaustos
676 3090 762 3149 ducit
784 3090 866 3150 oliva
887 3089 962 3150 dies.

307 3208 391 3247 nunc
411 3188 493 3248 viret
513 3190 686 3250 ambrosiae
708 3190 835 3267 liquidis
857 3191 916 3249 sub
937 3190 1061 3250 roribus
1081 3191 1177 3250 horae

345 3290 453 3346 noster
473 3308 568 3363 amer,
593 3289 675 3349 cedit
696 3309 780 3348 nunc
802 3289 941 3350 Libitina
961 3289 1061 3362 mihi3

305 3384 340 3442 in
360 3385 451 3444 tenui
470 3386 529 3444 hcc
550 3406 645 3446 versu
665 3386 779 3460 vivam,
804 3387 881 3446 dum
902 3387 1074 3463 quamlibet
1096 3387 1150 3446 illa

346 3485 447 3543 saevit
467 3484 501 3543 in
520 3485 658 3561 elinguis
678 3506 714 3545 ac
734 3484 802 3544 sine
822 3506 898 3545 voce
918 3485 1039 3560 tribus;

306 3586 531 3660 aeternumque
554 3583 602 3643 tui
623 3585 867 3644 monumentum
887 3585 947 3644 hoc
967 3585 1070 3654 stabit,
1095 3585 1200 3658 amice,
1292 3647 1297 3652 ,

346 3701 418 3739 cum
439 3681 571 3742 tumidis
592 3702 702 3758 regum
722 3681 859 3741 molibus
878 3702 949 3741 aera
969 3682 1086 3742 cadent.

1093 3793 1118 3826 Α.
1132 3794 1154 3827 Τ.
1168 3793 1192 3827 Β.
