<?xml version="1.0" encoding="UTF-8"?>
<!DOCTYPE html PUBLIC "-//W3C//DTD XHTML 1.0 Transitional//EN"
    "http://www.w3.org/TR/xhtml1/DTD/xhtml1-transitional.dtd">
<html xmlns="http://www.w3.org/1999/xhtml" xml:lang="en" lang="en">
 <head>
  <title>
</title>
<meta http-equiv="Content-Type" content="text/html;charset=utf-8" />
  <meta name='ocr-system' content='tesseract 3.04.00' />
  <meta name='ocr-capabilities' content='ocr_page ocr_carea ocr_par ocr_line ocrx_word'/>
</head>
<body>
  <div class='ocr_page' id='page_1' title='image "./novaanthologiao01godlgoog/novaanthologiao01godlgoog_0211.png"; bbox 0 0 3004 4520; ppageno 0'>
   <div class='ocr_carea' id='block_1_1' title="bbox 605 380 821 430">
    <p class='ocr_par' dir='ltr' id='par_1_1' title="bbox 605 380 821 430">
     <span class='ocr_line' id='line_1_1' title="bbox 605 380 821 430; baseline 0.009 -2"><span class='ocrx_word' id='word_1_1' title='bbox 605 380 821 430; x_wconf 86' lang='lat' dir='ltr'>OXONIENSIS</span> 
     </span>
    </p>
   </div>
   <div class='ocr_carea' id='block_1_2' title="bbox 661 959 750 1000">
    <p class='ocr_par' dir='ltr' id='par_1_2' title="bbox 661 959 750 1000">
     <span class='ocr_line' id='line_1_2' title="bbox 661 959 750 1000; baseline -0.011 0"><span class='ocrx_word' id='word_1_2' title='bbox 661 959 750 1000; x_wconf 83' lang='lat' dir='ltr'>CXXII</span> 
     </span>
    </p>
   </div>
   <div class='ocr_carea' id='block_1_3' title="bbox 207 1054 1078 1428">
    <p class='ocr_par' dir='ltr' id='par_1_3' title="bbox 208 1054 1024 1215">
     <span class='ocr_line' id='line_1_3' title="bbox 210 1054 1024 1133; baseline 0.002 -19"><span class='ocrx_word' id='word_1_3' title='bbox 210 1055 299 1130; x_wconf 76' lang='lat' dir='ltr'><strong>Quod</strong></span> <span class='ocrx_word' id='word_1_4' title='bbox 320 1055 468 1131; x_wconf 89' lang='lat' dir='ltr'><strong>quoniam</strong></span> <span class='ocrx_word' id='word_1_5' title='bbox 490 1054 588 1130; x_wconf 82' lang='lat' dir='ltr'><strong>docui,</strong></span> <span class='ocrx_word' id='word_1_6' title='bbox 612 1058 745 1116; x_wconf 81' lang='lat' dir='ltr'><strong>nonest</strong></span> <span class='ocrx_word' id='word_1_7' title='bbox 765 1054 909 1117; x_wconf 91' lang='lat' dir='ltr'><strong>mirabile</strong></span> <span class='ocrx_word' id='word_1_8' title='bbox 930 1076 1024 1133; x_wconf 89' lang='lat' dir='ltr'><strong>quare</strong></span> 
     </span>
     <span class='ocr_line' id='line_1_4' title="bbox 208 1153 874 1215; baseline 0.005 -3"><span class='ocrx_word' id='word_1_9' title='bbox 208 1153 310 1213; x_wconf 78' lang='lat' dir='ltr'><strong>dicam</strong></span> <span class='ocrx_word' id='word_1_10' title='bbox 330 1153 452 1214; x_wconf 81' lang='lat' dir='ltr'><strong>felicem</strong></span> <span class='ocrx_word' id='word_1_11' title='bbox 472 1157 504 1214; x_wconf 76' lang='lat' dir='ltr'><strong>el</strong></span> <span class='ocrx_word' id='word_1_12' title='bbox 523 1173 599 1214; x_wconf 86' lang='lat' dir='ltr'><strong>vera</strong></span> <span class='ocrx_word' id='word_1_13' title='bbox 618 1154 735 1214; x_wconf 78' lang='lat' dir='ltr'><strong>fretum</strong></span> <span class='ocrx_word' id='word_1_14' title='bbox 755 1154 874 1215; x_wconf 74' lang='lat' dir='ltr'><strong>ratione</strong></span> 
     </span>
    </p>

    <p class='ocr_par' dir='ltr' id='par_1_4' title="bbox 207 1252 1078 1428">
     <span class='ocr_line' id='line_1_5' title="bbox 209 1252 1028 1330; baseline 0.001 -19"><span class='ocrx_word' id='word_1_15' title='bbox 209 1252 340 1328; x_wconf 83' lang='lat' dir='ltr'><strong>quinae</strong></span> <span class='ocrx_word' id='word_1_16' title='bbox 361 1272 415 1328; x_wconf 84' lang='lat' dir='ltr'><strong>spe</strong></span> <span class='ocrx_word' id='word_1_17' title='bbox 436 1273 492 1312; x_wconf 87' lang='lat' dir='ltr'><strong>nee</strong></span> <span class='ocrx_word' id='word_1_18' title='bbox 512 1253 577 1312; x_wconf 90' lang='lat' dir='ltr'><strong>iam</strong></span> <span class='ocrx_word' id='word_1_19' title='bbox 599 1273 684 1312; x_wconf 80' lang='lat' dir='ltr'><strong>cassa</strong></span> <span class='ocrx_word' id='word_1_20' title='bbox 704 1253 872 1314; x_wconf 85' lang='lat' dir='ltr'><strong>formidine</strong></span> <span class='ocrx_word' id='word_1_21' title='bbox 893 1257 1028 1330; x_wconf 74' lang='lat' dir='ltr'><strong>torpenS,</strong></span> 
     </span>
     <span class='ocr_line' id='line_1_6' title="bbox 207 1351 1078 1428; baseline 0.002 -19"><span class='ocrx_word' id='word_1_22' title='bbox 207 1351 292 1410; x_wconf 85' lang='lat' dir='ltr'><strong>hune</strong></span> <span class='ocrx_word' id='word_1_23' title='bbox 313 1351 413 1411; x_wconf 78' lang='lat' dir='ltr'><strong>tuitus</strong></span> <span class='ocrx_word' id='word_1_24' title='bbox 433 1353 532 1413; x_wconf 85' lang='lat' dir='ltr'><strong>solem</strong></span> <span class='ocrx_word' id='word_1_25' title='bbox 553 1356 652 1412; x_wconf 76' lang='lat' dir='ltr'><strong>terras</strong></span> <span class='ocrx_word' id='word_1_26' title='bbox 672 1373 759 1412; x_wconf 91' lang='lat' dir='ltr'><strong>mare</strong></span> <span class='ocrx_word' id='word_1_27' title='bbox 781 1353 889 1413; x_wconf 91' lang='lat' dir='ltr'><strong>nubila</strong></span> <span class='ocrx_word' id='word_1_28' title='bbox 909 1353 1078 1428; x_wconf 89' lang='lat' dir='ltr'><strong>flammam,</strong></span> 
     </span>
    </p>
   </div>
   <div class='ocr_carea' id='block_1_4' title="bbox 206 1451 1210 3196">
    <p class='ocr_par' dir='ltr' id='par_1_5' title="bbox 209 1451 997 1528">
     <span class='ocr_line' id='line_1_7' title="bbox 209 1451 997 1528; baseline 0.005 -20"><span class='ocrx_word' id='word_1_29' title='bbox 209 1451 291 1508; x_wconf 90' lang='lat' dir='ltr'><strong>unde</strong></span> <span class='ocrx_word' id='word_1_30' title='bbox 312 1451 376 1509; x_wconf 77' lang='lat' dir='ltr'><strong>exit</strong></span> <span class='ocrx_word' id='word_1_31' title='bbox 396 1451 508 1526; x_wconf 83' lang='lat' dir='ltr'><strong>plenus</strong></span> <span class='ocrx_word' id='word_1_32' title='bbox 528 1452 611 1512; x_wconf 74' lang='lat' dir='ltr'><strong>vitae</strong></span> <span class='ocrx_word' id='word_1_33' title='bbox 631 1454 668 1510; x_wconf 76' lang='lat' dir='ltr'><strong>ut</strong></span> <span class='ocrx_word' id='word_1_34' title='bbox 689 1454 820 1513; x_wconf 80' lang='lat' dir='ltr'><strong>conviva</strong></span> <span class='ocrx_word' id='word_1_35' title='bbox 840 1451 997 1528; x_wconf 76' lang='lat' dir='ltr'><strong>remigret.</strong></span> 
     </span>
    </p>

    <p class='ocr_par' dir='ltr' id='par_1_6' title="bbox 208 1547 921 1625">
     <span class='ocr_line' id='line_1_8' title="bbox 208 1547 921 1625; baseline 0.004 -19"><span class='ocrx_word' id='word_1_36' title='bbox 208 1547 315 1608; x_wconf 86' lang='lat' dir='ltr'><strong>omnia</strong></span> <span class='ocrx_word' id='word_1_37' title='bbox 335 1549 362 1607; x_wconf 85' lang='lat' dir='ltr'><strong>si</strong></span> <span class='ocrx_word' id='word_1_38' title='bbox 383 1569 492 1625; x_wconf 85' lang='lat' dir='ltr'><strong>pergas</strong></span> <span class='ocrx_word' id='word_1_39' title='bbox 512 1549 647 1609; x_wconf 87' lang='lat' dir='ltr'><strong>vivendo</strong></span> <span class='ocrx_word' id='word_1_40' title='bbox 667 1550 792 1611; x_wconf 84' lang='lat' dir='ltr'><strong>vincere</strong></span> <span class='ocrx_word' id='word_1_41' title='bbox 814 1551 921 1625; x_wconf 82' lang='lat' dir='ltr'><strong>saecla,</strong></span> 
     </span>
    </p>

    <p class='ocr_par' dir='ltr' id='par_1_7' title="bbox 209 1647 1066 1822">
     <span class='ocr_line' id='line_1_9' title="bbox 209 1647 1066 1725; baseline 0.002 -21"><span class='ocrx_word' id='word_1_42' title='bbox 209 1667 263 1707; x_wconf 86' lang='lat' dir='ltr'><strong>seu</strong></span> <span class='ocrx_word' id='word_1_43' title='bbox 284 1667 398 1722; x_wconf 84' lang='lat' dir='ltr'><strong>paucos</strong></span> <span class='ocrx_word' id='word_1_44' title='bbox 419 1667 526 1720; x_wconf 78' lang='lat' dir='ltr'><strong>annos,</strong></span> <span class='ocrx_word' id='word_1_45' title='bbox 550 1647 658 1706; x_wconf 87' lang='lat' dir='ltr'><strong>eadem</strong></span> <span class='ocrx_word' id='word_1_46' title='bbox 679 1650 786 1708; x_wconf 81' lang='lat' dir='ltr'><strong>tamen</strong></span> <span class='ocrx_word' id='word_1_47' title='bbox 807 1648 912 1707; x_wconf 90' lang='lat' dir='ltr'><strong>omnia</strong></span> <span class='ocrx_word' id='word_1_48' title='bbox 933 1667 1066 1725; x_wconf 83' lang='lat' dir='ltr'><strong>semper,</strong></span> 
     </span>
     <span class='ocr_line' id='line_1_10' title="bbox 209 1744 975 1822; baseline 0.005 -20"><span class='ocrx_word' id='word_1_49' title='bbox 209 1748 300 1822; x_wconf 72' lang='lat' dir='ltr'><strong>alque</strong></span> <span class='ocrx_word' id='word_1_50' title='bbox 321 1745 402 1805; x_wconf 71' lang='lat' dir='ltr'><strong>redit</strong></span> <span class='ocrx_word' id='word_1_51' title='bbox 423 1745 501 1806; x_wconf 83' lang='lat' dir='ltr'><strong>falsa</strong></span> <span class='ocrx_word' id='word_1_52' title='bbox 521 1744 660 1805; x_wconf 77' lang='lat' dir='ltr'><strong>novitate</strong></span> <span class='ocrx_word' id='word_1_53' title='bbox 680 1749 807 1806; x_wconf 78' lang='lat' dir='ltr'><strong>extrusa</strong></span> <span class='ocrx_word' id='word_1_54' title='bbox 826 1748 975 1806; x_wconf 76' lang='lat' dir='ltr'><strong>vetustas.</strong></span> 
     </span>
    </p>

    <p class='ocr_par' dir='ltr' id='par_1_8' title="bbox 207 1842 1097 2298">
     <span class='ocr_line' id='line_1_11' title="bbox 208 1842 1094 1921; baseline 0.003 -20"><span class='ocrx_word' id='word_1_55' title='bbox 208 1842 284 1919; x_wconf 89' lang='lat' dir='ltr'><strong>quin</strong></span> <span class='ocrx_word' id='word_1_56' title='bbox 305 1843 459 1904; x_wconf 81' lang='lat' dir='ltr'><strong>rationem</strong></span> <span class='ocrx_word' id='word_1_57' title='bbox 478 1843 647 1902; x_wconf 85' lang='lat' dir='ltr'><strong>hominum</strong></span> <span class='ocrx_word' id='word_1_58' title='bbox 667 1846 699 1903; x_wconf 78' lang='lat' dir='ltr'><strong>el</strong></span> <span class='ocrx_word' id='word_1_59' title='bbox 719 1845 797 1904; x_wconf 73' lang='lat' dir='ltr'><strong>vitai</strong></span> <span class='ocrx_word' id='word_1_60' title='bbox 819 1843 928 1921; x_wconf 82' lang='lat' dir='ltr'><strong>collige</strong></span> <span class='ocrx_word' id='word_1_61' title='bbox 948 1865 1094 1904; x_wconf 86' lang='lat' dir='ltr'><strong>meeum:</strong></span> 
     </span>
     <span class='ocr_line' id='line_1_12' title="bbox 208 1941 1078 2020; baseline 0.001 -21"><span class='ocrx_word' id='word_1_62' title='bbox 208 1943 358 2019; x_wconf 79' lang='lat' dir='ltr'><strong>tanquam</strong></span> <span class='ocrx_word' id='word_1_63' title='bbox 379 1942 466 2001; x_wconf 89' lang='lat' dir='ltr'><strong>mille</strong></span> <span class='ocrx_word' id='word_1_64' title='bbox 487 1941 555 2001; x_wconf 83' lang='lat' dir='ltr'><strong>foro</strong></span> <span class='ocrx_word' id='word_1_65' title='bbox 575 1941 681 2001; x_wconf 79' lang='lat' dir='ltr'><strong>videas</strong></span> <span class='ocrx_word' id='word_1_66' title='bbox 702 1962 875 2018; x_wconf 85' lang='lat' dir='ltr'><strong>properare,</strong></span> <span class='ocrx_word' id='word_1_67' title='bbox 898 1962 998 2020; x_wconf 90' lang='lat' dir='ltr'><strong>neque</strong></span> <span class='ocrx_word' id='word_1_68' title='bbox 1020 1943 1078 2001; x_wconf 93' lang='lat' dir='ltr'><strong>ulli</strong></span> 
     </span>
     <span class='ocr_line' id='line_1_13' title="bbox 208 2040 1097 2118; baseline 0 -20"><span class='ocrx_word' id='word_1_69' title='bbox 208 2043 291 2098; x_wconf 83' lang='lat' dir='ltr'><strong>stare</strong></span> <span class='ocrx_word' id='word_1_70' title='bbox 312 2041 421 2099; x_wconf 82' lang='lat' dir='ltr'><strong>datum</strong></span> <span class='ocrx_word' id='word_1_71' title='bbox 441 2059 536 2118; x_wconf 87' lang='lat' dir='ltr'><strong>quem</strong></span> <span class='ocrx_word' id='word_1_72' title='bbox 556 2059 606 2099; x_wconf 84' lang='lat' dir='ltr'><strong>res</strong></span> <span class='ocrx_word' id='word_1_73' title='bbox 627 2041 750 2115; x_wconf 78' lang='lat' dir='ltr'><strong>trahat;</strong></span> <span class='ocrx_word' id='word_1_74' title='bbox 771 2040 968 2118; x_wconf 79' lang='lat' dir='ltr'><strong>hospitioque</strong></span> <span class='ocrx_word' id='word_1_75' title='bbox 990 2040 1097 2099; x_wconf 82' lang='lat' dir='ltr'><strong>refecti</strong></span> 
     </span>
     <span class='ocr_line' id='line_1_14' title="bbox 207 2138 996 2215; baseline 0.003 -20"><span class='ocrx_word' id='word_1_76' title='bbox 207 2138 357 2198; x_wconf 77' lang='lat' dir='ltr'><strong>festinant</strong></span> <span class='ocrx_word' id='word_1_77' title='bbox 377 2142 413 2199; x_wconf 72' lang='lat' dir='ltr'><strong>ul</strong></span> <span class='ocrx_word' id='word_1_78' title='bbox 433 2159 518 2198; x_wconf 87' lang='lat' dir='ltr'><strong>nune</strong></span> <span class='ocrx_word' id='word_1_79' title='bbox 538 2138 631 2214; x_wconf 85' lang='lat' dir='ltr'><strong>nugis</strong></span> <span class='ocrx_word' id='word_1_80' title='bbox 651 2158 735 2198; x_wconf 86' lang='lat' dir='ltr'><strong>nune</strong></span> <span class='ocrx_word' id='word_1_81' title='bbox 756 2140 848 2198; x_wconf 83' lang='lat' dir='ltr'><strong>rebus</strong></span> <span class='ocrx_word' id='word_1_82' title='bbox 868 2139 996 2215; x_wconf 83' lang='lat' dir='ltr'><strong>agendis</strong></span> 
     </span>
     <span class='ocr_line' id='line_1_15' title="bbox 207 2236 949 2298; baseline 0.001 -3"><span class='ocrx_word' id='word_1_83' title='bbox 207 2236 362 2296; x_wconf 74' lang='lat' dir='ltr'><strong>iactentur</strong></span> <span class='ocrx_word' id='word_1_84' title='bbox 381 2237 480 2297; x_wconf 77' lang='lat' dir='ltr'><strong>vastis</strong></span> <span class='ocrx_word' id='word_1_85' title='bbox 499 2256 653 2298; x_wconf 88' lang='lat' dir='ltr'><strong>vanarum</strong></span> <span class='ocrx_word' id='word_1_86' title='bbox 674 2237 813 2296; x_wconf 80' lang='lat' dir='ltr'><strong>fluetibu&#39;</strong></span> <span class='ocrx_word' id='word_1_87' title='bbox 834 2257 949 2297; x_wconf 87' lang='lat' dir='ltr'><strong>rerum.</strong></span> 
     </span>
    </p>

    <p class='ocr_par' dir='ltr' id='par_1_9' title="bbox 207 2335 1210 2609">
     <span class='ocr_line' id='line_1_16' title="bbox 209 2335 1210 2413; baseline 0 -19"><span class='ocrx_word' id='word_1_88' title='bbox 209 2352 303 2411; x_wconf 88' lang='lat' dir='ltr'><strong>quare</strong></span> <span class='ocrx_word' id='word_1_89' title='bbox 323 2336 419 2395; x_wconf 81' lang='lat' dir='ltr'><strong>eiiam</strong></span> <span class='ocrx_word' id='word_1_90' title='bbox 440 2338 532 2413; x_wconf 75' lang='lat' dir='ltr'><strong>alque</strong></span> <span class='ocrx_word' id='word_1_91' title='bbox 551 2336 649 2395; x_wconf 79' lang='lat' dir='ltr'><strong>eliam</strong></span> <span class='ocrx_word' id='word_1_92' title='bbox 668 2337 728 2395; x_wconf 87' lang='lat' dir='ltr'><strong>hoe</strong></span> <span class='ocrx_word' id='word_1_93' title='bbox 749 2337 871 2411; x_wconf 82' lang='lat' dir='ltr'><strong>primus</strong></span> <span class='ocrx_word' id='word_1_94' title='bbox 892 2336 946 2412; x_wconf 87' lang='lat' dir='ltr'><strong>qui</strong></span> <span class='ocrx_word' id='word_1_95' title='bbox 965 2335 1100 2394; x_wconf 72' lang='lat' dir='ltr'><strong>evaserit</strong></span> <span class='ocrx_word' id='word_1_96' title='bbox 1121 2338 1210 2394; x_wconf 80' lang='lat' dir='ltr'><strong>aestu</strong></span> 
     </span>
     <span class='ocr_line' id='line_1_17' title="bbox 207 2433 1103 2510; baseline 0 -18"><span class='ocrx_word' id='word_1_97' title='bbox 207 2434 328 2509; x_wconf 77' lang='lat' dir='ltr'><strong>primus</strong></span> <span class='ocrx_word' id='word_1_98' title='bbox 348 2435 443 2494; x_wconf 81' lang='lat' dir='ltr'><strong>habet</strong></span> <span class='ocrx_word' id='word_1_99' title='bbox 463 2436 591 2509; x_wconf 73' lang='lat' dir='ltr'><strong>portum</strong></span> <span class='ocrx_word' id='word_1_100' title='bbox 612 2437 754 2510; x_wconf 82' lang='lat' dir='ltr'><strong>optatum</strong></span> <span class='ocrx_word' id='word_1_101' title='bbox 775 2453 943 2510; x_wconf 84' lang='lat' dir='ltr'><strong>pacemque</strong></span> <span class='ocrx_word' id='word_1_102' title='bbox 964 2433 1103 2510; x_wconf 78' lang='lat' dir='ltr'><strong>petitam.</strong></span> 
     </span>
     <span class='ocr_line' id='line_1_18' title="bbox 207 2531 951 2609; baseline 0 -19"><span class='ocrx_word' id='word_1_103' title='bbox 207 2551 281 2609; x_wconf 88' lang='lat' dir='ltr'><strong>ergo</strong></span> <span class='ocrx_word' id='word_1_104' title='bbox 302 2532 395 2591; x_wconf 80' lang='lat' dir='ltr'><strong>litora</strong></span> <span class='ocrx_word' id='word_1_105' title='bbox 415 2535 491 2591; x_wconf 76' lang='lat' dir='ltr'>sunt</span> <span class='ocrx_word' id='word_1_106' title='bbox 511 2532 664 2592; x_wconf 84' lang='lat' dir='ltr'><strong>servanda</strong></span> <span class='ocrx_word' id='word_1_107' title='bbox 684 2532 852 2591; x_wconf 85' lang='lat' dir='ltr'><strong>minoribu&#39;</strong></span> <span class='ocrx_word' id='word_1_108' title='bbox 872 2531 951 2591; x_wconf 86' lang='lat' dir='ltr'><strong>velis</strong></span> 
     </span>
    </p>

    <p class='ocr_par' dir='ltr' id='par_1_10' title="bbox 207 2630 1155 2806">
     <span class='ocr_line' id='line_1_19' title="bbox 207 2630 1155 2708; baseline -0.002 -18"><span class='ocrx_word' id='word_1_109' title='bbox 207 2652 265 2691; x_wconf 88' lang='lat' dir='ltr'><strong>nee</strong></span> <span class='ocrx_word' id='word_1_110' title='bbox 286 2633 506 2708; x_wconf 78' lang='lat' dir='ltr'><strong>temptandum</strong></span> <span class='ocrx_word' id='word_1_111' title='bbox 527 2631 647 2691; x_wconf 76' lang='lat' dir='ltr'><strong>alium:</strong></span> <span class='ocrx_word' id='word_1_112' title='bbox 668 2631 743 2708; x_wconf 90' lang='lat' dir='ltr'><strong>quid</strong></span> <span class='ocrx_word' id='word_1_113' title='bbox 765 2631 851 2690; x_wconf 90' lang='lat' dir='ltr'><strong>enim</strong></span> <span class='ocrx_word' id='word_1_114' title='bbox 871 2630 1051 2706; x_wconf 77' lang='lat' dir='ltr'><strong>productior</strong></span> <span class='ocrx_word' id='word_1_115' title='bbox 1071 2633 1155 2689; x_wconf 77' lang='lat' dir='ltr'><strong>aetas</strong></span> 
     </span>
     <span class='ocr_line' id='line_1_20' title="bbox 207 2728 999 2806; baseline -0.003 -18"><span class='ocrx_word' id='word_1_116' title='bbox 207 2729 276 2805; x_wconf 81' lang='lat' dir='ltr'><strong>quit</strong></span> <span class='ocrx_word' id='word_1_117' title='bbox 296 2731 441 2806; x_wconf 87' lang='lat' dir='ltr'><strong>praebere</strong></span> <span class='ocrx_word' id='word_1_118' title='bbox 462 2728 521 2788; x_wconf 77' lang='lat' dir='ltr'><strong>tibi</strong></span> <span class='ocrx_word' id='word_1_119' title='bbox 542 2728 604 2788; x_wconf 87' lang='lat' dir='ltr'><strong>nisi</strong></span> <span class='ocrx_word' id='word_1_120' title='bbox 626 2730 735 2806; x_wconf 83' lang='lat' dir='ltr'><strong>longos</strong></span> <span class='ocrx_word' id='word_1_121' title='bbox 757 2730 850 2806; x_wconf 88' lang='lat' dir='ltr'><strong>longa</strong></span> <span class='ocrx_word' id='word_1_122' title='bbox 870 2728 999 2803; x_wconf 85' lang='lat' dir='ltr'><strong>dolores,</strong></span> 
     </span>
    </p>

    <p class='ocr_par' dir='ltr' id='par_1_11' title="bbox 206 2828 1107 3196">
     <span class='ocr_line' id='line_1_21' title="bbox 206 2828 1025 2904; baseline -0.001 -17"><span class='ocrx_word' id='word_1_123' title='bbox 206 2828 291 2887; x_wconf 82' lang='lat' dir='ltr'><strong>luces</strong></span> <span class='ocrx_word' id='word_1_124' title='bbox 312 2830 464 2904; x_wconf 74' lang='lat' dir='ltr'>quotquot</span> <span class='ocrx_word' id='word_1_125' title='bbox 482 2829 567 2898; x_wconf 74' lang='lat' dir='ltr'><strong>eunt,</strong></span> <span class='ocrx_word' id='word_1_126' title='bbox 591 2830 628 2888; x_wconf 78' lang='lat' dir='ltr'><strong>ut</strong></span> <span class='ocrx_word' id='word_1_127' title='bbox 647 2828 756 2887; x_wconf 81' lang='lat' dir='ltr'><strong>acerbo</strong></span> <span class='ocrx_word' id='word_1_128' title='bbox 776 2829 884 2888; x_wconf 88' lang='lat' dir='ltr'><strong>funere</strong></span> <span class='ocrx_word' id='word_1_129' title='bbox 904 2846 1025 2886; x_wconf 81' lang='lat' dir='ltr'><strong>mersos</strong></span> 
     </span>
     <span class='ocr_line' id='line_1_22' title="bbox 208 2924 1107 3003; baseline 0 -17"><span class='ocrx_word' id='word_1_130' title='bbox 208 2924 338 3002; x_wconf 81' lang='lat' dir='ltr'><strong>(munus</strong></span> <span class='ocrx_word' id='word_1_131' title='bbox 358 2927 460 3003; x_wconf 82' lang='lat' dir='ltr'><strong>triste)</strong></span> <span class='ocrx_word' id='word_1_132' title='bbox 482 2945 595 3002; x_wconf 82' lang='lat' dir='ltr'><strong>gemas,</strong></span> <span class='ocrx_word' id='word_1_133' title='bbox 620 2947 699 3002; x_wconf 89' lang='lat' dir='ltr'>quos</span> <span class='ocrx_word' id='word_1_134' title='bbox 719 2927 786 3003; x_wconf 83' lang='lat' dir='ltr'><strong>ipse</strong></span> <span class='ocrx_word' id='word_1_135' title='bbox 806 2929 838 2986; x_wconf 71' lang='lat' dir='ltr'><strong>el</strong></span> <span class='ocrx_word' id='word_1_136' title='bbox 858 2926 938 2985; x_wconf 82' lang='lat' dir='ltr'><strong>seru’</strong></span> <span class='ocrx_word' id='word_1_137' title='bbox 960 2929 1107 3002; x_wconf 82' lang='lat' dir='ltr'><strong>sequere?</strong></span> 
     </span>
     <span class='ocr_line' id='line_1_23' title="bbox 206 3023 1029 3100; baseline 0.001 -19"><span class='ocrx_word' id='word_1_138' title='bbox 206 3025 284 3083; x_wconf 88' lang='lat' dir='ltr'><strong>adde</strong></span> <span class='ocrx_word' id='word_1_139' title='bbox 305 3023 400 3083; x_wconf 78' lang='lat' dir='ltr'><strong>etiam</strong></span> <span class='ocrx_word' id='word_1_140' title='bbox 421 3024 556 3098; x_wconf 73' lang='lat' dir='ltr'><strong>morb0S,</strong></span> <span class='ocrx_word' id='word_1_141' title='bbox 580 3024 735 3083; x_wconf 78' lang='lat' dir='ltr'><strong>eruciatus</strong></span> <span class='ocrx_word' id='word_1_142' title='bbox 757 3024 893 3100; x_wconf 82' lang='lat' dir='ltr'><strong>eorporis</strong></span> <span class='ocrx_word' id='word_1_143' title='bbox 914 3043 1029 3100; x_wconf 66' lang='lat' dir='ltr'><strong>aegroa</strong></span> 
     </span>
     <span class='ocr_line' id='line_1_24' title="bbox 207 3121 1099 3196; baseline 0.001 -15"><span class='ocrx_word' id='word_1_144' title='bbox 207 3141 379 3196; x_wconf 80' lang='lat' dir='ltr'><strong>aerumnae,</strong></span> <span class='ocrx_word' id='word_1_145' title='bbox 405 3124 587 3196; x_wconf 78' lang='lat' dir='ltr'><strong>captamque</strong></span> <span class='ocrx_word' id='word_1_146' title='bbox 607 3122 700 3180; x_wconf 85' lang='lat' dir='ltr'><strong>malis</strong></span> <span class='ocrx_word' id='word_1_147' title='bbox 720 3121 815 3182; x_wconf 81' lang='lat' dir='ltr'><strong>etiam</strong></span> <span class='ocrx_word' id='word_1_148' title='bbox 837 3123 913 3181; x_wconf 90' lang='lat' dir='ltr'><strong>adde</strong></span> <span class='ocrx_word' id='word_1_149' title='bbox 935 3124 1099 3182; x_wconf 77' lang='lat' dir='ltr'><strong>seneelam.</strong></span> 
     </span>
    </p>
   </div>
   <div class='ocr_carea' id='block_1_5' title="bbox 985 3249 1171 3285">
    <p class='ocr_par' dir='ltr' id='par_1_12' title="bbox 985 3249 1171 3285">
     <span class='ocr_line' id='line_1_25' title="bbox 985 3249 1171 3285; baseline 0.005 -1"><span class='ocrx_word' id='word_1_150' title='bbox 985 3249 1171 3285; x_wconf 57' lang='lat' dir='ltr'><strong>RLAAEUP·</strong></span> 
     </span>
    </p>
   </div>
   <div class='ocr_carea' id='block_1_6' title="bbox 0 0 1506 4520">
    <p class='ocr_par' dir='ltr' id='par_1_13' title="bbox 0 0 1506 4520">
     <span class='ocr_line' id='line_1_26' title="bbox 0 0 1506 4520; baseline 0 2"><span class='ocrx_word' id='word_1_151' title='bbox 0 0 1506 4520; x_wconf 95' lang='lat' dir='ltr'><strong> </strong></span> 
     </span>
    </p>
   </div>
  </div>
 </body>
</html>
