3004 4520
602 375 817 425 OXONIENSIS

680 627 742 668 CXX

251 722 741 784 Dividimurs-fateor-fomuna
760 726 793 784 et
813 723 935 800 dispare
955 723 1028 798 vita,

290 841 362 880 oum
383 841 440 881 neo
461 821 609 882 dividuus
629 825 752 882 constet
772 824 805 882 ei
825 841 908 882 unus
930 842 1025 882 amor.

248 919 380 994 proinde
400 939 508 980 meum
529 919 666 979 maculat
686 919 831 996 quotiens
851 920 983 979 infamia
1006 940 1130 995 nomen,

289 1037 382 1077 omne
402 1017 485 1077 mihi
503 1017 623 1078 crimen
643 1019 674 1077 te
695 1018 762 1078 sine
782 1019 863 1078 ferre
884 1022 999 1080 manet.

250 1117 282 1175 al
302 1116 407 1176 studio
428 1116 573 1193 quamvis
589 1135 653 1176 uno
674 1117 829 1177 sociemur
850 1117 984 1192 amandi,

288 1213 446 1274 vincimur
465 1213 584 1274 invidia
605 1214 871 1292 distrahimurque
891 1215 993 1286 deum,

249 1332 335 1388 quae,
359 1312 432 1372 licet
453 1313 590 1372 officium
610 1313 768 1390 finemque
788 1313 872 1373 haud
893 1315 996 1374 mutet
1016 1314 1139 1388 amoris,

289 1413 431 1487 tempora
451 1410 603 1487 disperdit
624 1411 809 1488 deliciasque
829 1411 920 1488 rapit.

248 1511 310 1570 iam
330 1511 431 1570 scelus
451 1511 514 1570 heu
534 1512 681 1570 nostrum
702 1531 742 1570 ne
762 1511 805 1570 sio
826 1510 884 1570 tibi
903 1531 996 1571 causa
1015 1511 1152 1587 pudoris,

288 1609 331 1668 sic
351 1609 433 1667 mihi
452 1609 500 1668 fas
521 1609 603 1685 ignis
625 1608 821 1668 dissimulare
842 1629 946 1669 meos:

249 1709 347 1783 tuque
365 1707 471 1782 palam
491 1707 559 1766 noli
579 1706 670 1767 nobis
692 1707 763 1766 dare
784 1707 883 1767 comis
903 1707 1054 1767 honorem

288 1825 329 1864 ne
349 1805 431 1865 mihi
452 1826 545 1883 quem
566 1806 677 1866 reddas
698 1806 740 1866 sic
760 1805 821 1865 tibi
841 1806 987 1882 demptus
1008 1807 1115 1865 honor.

247 1923 336 1982 parce
357 1906 429 1964 tuae
450 1905 570 1966 famae:
597 1925 670 1965 nam
691 1907 722 1964 ie
742 1905 843 1981 modo,
868 1925 945 1980 cara,
968 1905 1087 1981 potitus

288 2004 320 2061 et
339 2003 443 2079 potior
462 2003 564 2064 famae
584 2006 672 2080 parte
692 2005 840 2081 fruorque
862 2005 942 2065 tuae.

1073 2114 1099 2148 A.
1113 2115 1132 2148 J.
1147 2114 1169 2147 Β.

663 2321 739 2363 om

328 2433 470 2494 Mortalis
491 2433 592 2510 specie
611 2433 677 2494 vita
697 2433 785 2494 brevi
805 2433 895 2512 fugit,

328 2569 404 2626 quae
425 2549 568 2609 mendaci
588 2549 733 2610 homines
754 2550 843 2611 ludat
862 2549 1018 2627 imagine:

327 2666 402 2722 sunt
422 2664 517 2724 falsae
538 2663 693 2740 lacrimae,
717 2665 855 2742 falsaque
877 2665 1006 2743 gaudia:

367 2778 442 2838 solis
463 2781 511 2838 est
532 2780 654 2856 superis
674 2779 761 2842 fidae.

326 2895 364 2953 ui
383 2895 430 2954 sol
451 2894 578 2954 occiduo
598 2895 718 2958 lumine
739 2895 837 2972 gloria

327 3009 439 3085 pallet:
461 3029 532 3086 spes
553 3012 584 3069 et
605 3030 694 3069 amor
713 3011 875 3086 formaque
894 3009 1055 3086 virginum

327 3125 479 3202 effulgent
499 3127 624 3186 tumulo
645 3127 754 3202 debita,
777 3145 834 3184 nec
855 3125 950 3185 micat

366 3241 442 3300 solis
462 3241 497 3300 ni
518 3240 639 3316 superis
659 3240 770 3302 honor.

325 3357 401 3434 quin
422 3376 481 3416 nos
501 3355 644 3416 sollicitis
665 3356 709 3414 sio
730 3355 861 3416 ferimur
880 3357 977 3432 fretis,

324 3491 402 3548 quos
423 3492 480 3531 nec
501 3471 551 3532 vis
572 3471 670 3530 animi
691 3491 747 3548 per
766 3471 901 3531 latebras
921 3471 989 3532 viae

324 3586 484 3647 illustrare
505 3587 589 3648 valet
610 3607 667 3645 nec
689 3587 773 3646 nitor
793 3586 900 3664 ingeni
910 3610 958 3647 :—

365 3702 441 3761 solis
462 3704 509 3762 esi
530 3702 651 3779 superis
671 3702 767 3779 quies.

284 3894 311 3938 13
