3052 4496
649 326 863 383 OXONIENSIS

726 596 779 638 m

297 678 336 740 M.
361 683 444 760 Πρδς
467 687 544 750 θεῶν
565 691 598 756 δέ
620 695 745 758 παῦσαι·
777 696 830 762 δός
851 724 885 762 τε
908 698 1008 777 δεξιὰν
1031 704 1106 782 ἐμοί,

361 781 399 848 ὡς
421 785 492 872 τῇδε
513 795 633 873 λυγρῶν
655 796 788 878 δακρύων
809 803 907 882 λείβω
929 805 1049 887 δρόσου,

358 886 425 963 μηδ’
448 889 485 952 οῦ
506 892 571 957 ποτ’
595 898 712 980 όμβρος
734 903 851 992 ἐμπέσῃ
873 909 1030 975 διόσδοτος

356 988 418 1054 τόδ’
440 992 614 1081 έξαλείψωυ
635 1008 737 1085 μνῆμα
758 1015 893 1093 λυπηροῦ
916 1013 1037 1080 πάθους.

359 1093 412 1156 εἴθ’
436 1098 531 1181 ὤφελ’
555 1108 588 1170 έν
610 1110 649 1194 σῇ
674 1108 755 1194 χειρὶ
777 1118 830 1178 νῦν
853 1118 959 1198 φίλημ’
984 1119 1055 1199 ἐμᾶν

357 1201 437 1264 τοῦτ’
460 1206 674 1292 ἐγγεγράφθαι,
698 1218 857 1299 συμβόλου
879 1227 1014 1304 σφοδροῦ
1035 1225 1130 1287 πόθου

360 1301 399 1368 ὡς
420 1312 617 1390 μνημονεύσας
640 1317 801 1399 κάφθόνωυ
825 1325 1045 1408 στεναγμάτων.

357 1405 416 1489 ἔρρ’
440 1412 491 1476 οῦν
513 1415 649 1488 ἄποπτος
673 1423 712 1490 ὡς
735 1425 807 1506 ἐμὴν
830 1431 898 1493 είδῶ
921 1433 1024 1506 νόσον,

355 1507 392 1586 ἣν
415 1521 471 1580 σοῦ
493 1521 642 1602 παρόντος
662 1532 757 1606 βαιὸν
780 1532 907 1610 εἰκάζειν
930 1534 1001 1619 ἔχω,

358 1616 468 1685 σπάνιν
489 1629 586 1704 βορᾶς
609 1628 649 1695 ὥς
671 1630 708 1695 ἀν
730 1658 775 1700 τις
798 1635 997 1720 εύωχημέυος·

356 1721 452 1787 καίτοι
475 1726 506 1789 π’
528 1729 644 1812 ἀπάξω,
667 1733 796 1816 φίλτατ’,
819 1737 837 1818 ἢ
862 1741 1070 1823 συμφεύξομαι

356 1822 433 1906 σάφ’
454 1831 529 1910 ίσθι,
552 1834 651 1901 δεινὸν
672 1843 745 1922 δρᾶν
766 1866 796 1905 τι
818 1844 990 1924 τολμήσασ’
1012 1849 1081 1926 ε’γεό.

354 1932 417 1994 πᾶς
440 1931 466 1995 δ’
488 1935 522 1998 ού
544 1935 691 2024 πέφευγα,
715 1949 779 2008 σῦν
801 1947 910 2012 ἀποῦσ’
933 1947 984 2013 ἀπ’
1005 1951 1168 2028 όμμάτωυ,·

354 2029 480 2115 ἄπελθε,
503 2039 584 2122 σίγα·
613 2049 667 2108 νῦν
687 2049 746 2130 γὰρ
768 2051 909 2134 οἴχεσθαι
932 2052 1038 2136 χρεόν.

352 2132 392 2213 μὴ
414 2135 455 2216 μή
475 2166 513 2217 με
535 2147 697 2234 προλίπῃς·
723 2148 743 2229 ἦ
765 2152 852 2233 φιλοι
876 2154 1047 2232 θανούμενοι

355 2238 404 2302 ὧδ’
431 2242 617 2330 ἀμπέχονται
638 2255 754 2334 μυρίοις
776 2255 976 2337 ἀσπάσμασιν

351 2340 450 2420 ἧσσον
473 2351 575 2416 θανεΐν
597 2360 776 2436 στυγοῦντες
797 2356 816 2439 ἢ
839 2360 1004 2427 διεστάναι.

353 2450 405 2510 νῦν
428 2449 508 2533 χαῖρ’
529 2455 609 2534 ὅμως
629 2480 689 2538 μοι·
719 2462 848 2545 χαιρέτω
872 2465 905 2530 δὲ
928 2463 976 2530 καὶ
997 2469 1074 2546 βίος.

312 2595 318 2610 .
351 2546 371 2627 ἦ
391 2554 497 2636 μυρίας
519 2559 655 2644 πέφευγα
678 2563 715 2643 δὴ
739 2565 837 2649 φυγᾶς
860 2569 930 2652 έγιύ,

349 2655 421 2730 μίαν
443 2657 471 2738 γ’
495 2659 632 2741 ἄνακτος,
656 2672 712 2730 σοῦ
733 2672 767 2733 δὲ
790 2669 839 2734 καὶ
860 2673 980 2740 πολλᾶς
1002 2677 1110 2759 τυχόν.

350 2756 420 2821 ἀλλ’
444 2761 479 2824 ού
500 2763 591 2831 πόλιν
612 2769 731 2850 ποθοῖμ’
753 2772 799 2850 άυ,
820 2771 858 2854 ἢν
879 2776 918 2840 σὺ
940 2777 1026 2853 τῆσδ’
1047 2779 1133 2864 ἀπῇς·

349 2866 406 2923 σοῦ
427 2866 485 2947 γὰρ
507 2869 659 2949 φερούσης
682 2875 835 2958 ἄμβροτον
857 2876 1040 2955 ξυνουσίαν,

349 2967 477 3049 συχνοὺς
500 2969 597 3054 ἔχοιμ’
618 2973 656 3038 ἀν
678 2975 733 3040 κᾶν
755 2980 860 3064 ἐρημίη
883 2981 1002 3062 φίλους·

348 3066 423 3132 ὅπου
444 3071 503 3154 γὰρ
523 3072 569 3160 ᾗς,
592 3079 717 3142 ἐνταῦθα
739 3082 882 3166 τυγχάνει
904 3085 974 3164 βίος

349 3171 498 3240 κάνταῦθα
520 3183 617 3244 πᾶσαι
639 3182 843 3263 συμμένουσιυ
862 3187 974 3266 ἡδοναί·

348 3275 419 3339 ὅθεν
441 3277 465 3342 δ’
490 3280 632 3363 ἀπέστης,
657 3285 729 3350 ἔνθα
751 3292 912 3372 δυστερπές
934 3298 968 3356 τὸ
991 3298 1059 3360 πᾶν.

347 3383 399 3443 νῦν
420 3380 479 3464 χρὴ
503 3390 631 3450 σιωπᾶν·
661 3389 732 3452 ἀλλ’
754 3391 838 3456 ὄναιο
860 3399 912 3458 τοῦ
934 3397 1015 3476 βίου,

347 3483 406 3562 ἐγὼ
429 3482 453 3546 δ’
475 3487 600 3568 ὀναίμην
624 3496 680 3554 σοῦ
701 3492 794 3572 μόνον
818 3496 914 3576 ζώσης
938 3500 991 3564 ἔτι.
