3052 4496
644 353 858 402 OXONIENSIS

297 967 381 1048 δέξαι
402 969 431 1048 μ’
455 965 479 1032 ὦ
501 969 662 1052 τριπόθητ’,
684 969 798 1052 ηὔχου,
810 939 892 1047 δέξαι
913 973 967 1033 τὸν
989 969 1110 1050 έρῶντα·

341 1121 472 1204 δέξομαι,
495 1123 657 1202 ἆντηύδων,
680 1123 753 1203 κάμὲ
774 1124 833 1207 γὰρ
856 1121 949 1208 ἔσχεν
971 1122 1055 1201 ἔρως.
1150 1211 1156 1230 1

300 1276 420 1360 ἄμπεχ’,
443 1277 532 1357 ἔφην,
555 1276 714 1361 χείρεσσιν
737 1275 809 1358 ἐμὸν
832 1273 933 1355 δέμας,
956 1274 1073 1357 ἄμπεχε
1096 1277 1218 1357 χαίρων·

341 1431 396 1495 ἶσα
417 1430 476 1514 γὰρ
499 1431 664 1515 ἀμφότεροι
687 1429 908 1510 συνδεδέμεσθα
930 1430 1023 1515 πόθῳ.

300 1589 412 1670 οὐγὰρ
435 1588 526 1669 έχρῆν
548 1584 643 1665 δεῖξαι
665 1592 718 1651 τὸν
737 1585 809 1665 ἐμὸν
831 1585 951 1660 πόθον,·
983 1586 1017 1649 οὗ
1039 1588 1097 1669 γὰρ
1121 1587 1243 1666 ἆληθη,·

343 1741 426 1806 πάντ’
450 1742 562 1808 έδίδως·
594 1742 681 1821 κάμοὶ
703 1746 782 1822 δῶρα
803 1744 939 1823 προσῆκε
961 1745 1074 1822 πορεῖν.

299 1894 460 1978 χρήμασιν,
484 1893 604 1982 ἀγλαΐη,
628 1894 744 1973 κάλλει,
766 1893 883 1976 νεότητι
907 1894 1067 1976 κεκάσμην·

343 2054 451 2126 μοῦνος
473 2049 546 2129 ἔρως
569 2048 689 2113 πάντων
712 2047 796 2128 ἄξιος
818 2051 1005 2129 ἀντιλαβεῖν.

301 2209 386 2269 τοῦδε
408 2207 464 2287 γὰρ
487 2206 611 2286 ἵμειρον,
635 2202 684 2268 σοὶ
708 2205 831 2270 τᾶνδικα
854 2201 940 2269 πάντ’
963 2205 1135 2284 ἀποδοῦναι,
1161 2285 1163 2292 Ι

346 2361 396 2422 καί
415 2358 446 2421 σ’
468 2359 541 2423 ἆσαι
564 2358 700 2424 ποθέοντ’
722 2362 815 2427 αἴτιος
837 2359 914 2423 οὖσα
935 2360 1038 2424 πόθου.

303 2516 329 2577 εἰ
350 2515 383 2577 δὲ
406 2514 444 2577 σὺ
465 2518 517 2577 τοῦ
539 2520 655 2598 χρυσοῦ
676 2516 799 2598 φαύλην
822 2516 904 2580 κόνιν
926 2517 1010 2580 εἵλου
1032 2513 1175 2595 ἀμοιβήν,

345 2669 379 2732 οὐ
402 2665 524 2747 νέμεσις
546 2667 692 2751 παρέχειν
714 2667 765 2733 σοὶ
788 2669 851 2734 τάδ’
874 2668 1032 2754 ἐφιεμένῳ.

305 2822 357 2884 εἴθ’
381 2820 422 2885 ἔτ’
447 2821 520 2905 ἔρως
544 2823 582 2885 σὲ
605 2828 725 2905 κατεῖχε
748 2825 918 2906 διαμπερές,
942 2825 981 2889 ὥς
1004 2849 1071 2888 τινα
1093 2824 1204 2907 τέχνην

346 2976 445 3059 ηὗρον,
468 2976 656 3044 ἀνελπίστως
677 2975 703 3040 τ’
725 2976 921 3043 ἆνταπέδωκα
943 2977 1041 3062 χάριν,

305 3131 343 3196 ὡς
363 3132 484 3211 μᾶλλόν
507 3131 537 3193 σ’
560 3132 686 3213 ἐφίλουν
709 3131 757 3197 καὶ
778 3137 898 3214 μᾶλλον
920 3132 960 3197 ἔτ’
985 3133 1056 3218 ἄχρι
1078 3136 1227 3211 τελευτῆς,

349 3284 482 3367 κᾶλεγες,
504 3284 523 3366 ἦ
545 3293 653 3351 πασῶν
674 3286 721 3365 ἥδ’
743 3286 800 3369 ἄρα
822 3287 995 3366 πιστοτάτη.
