3052 4496
617 417 832 466 OXONIENSIS

689 627 764 668 xcvl

266 720 404 783 Saliibus
424 722 459 781 in
479 721 600 797 mediis,
624 721 722 781 fontis
744 721 913 782 Simoentis
934 722 973 781 ad
994 722 1087 799 ipsos,

305 816 484 876 Palladium
505 835 592 876 sacra
611 816 713 876 siabat
732 816 767 875 in
788 835 857 876 aree
880 817 971 891 deae;

263 915 380 990 proelia
400 915 476 974 dum
496 915 607 974 miscet
627 914 737 975 Troiae
758 914 816 974 sub
836 915 1000 974 moenibus
1021 914 1147 990 Hector,

301 1032 359 1072 nee
379 1013 438 1072 sibi
459 1015 525 1072 tam
546 1032 692 1090 praesens
712 1032 831 1073 numen
851 1012 957 1073 adesse
977 1013 1073 1074 videt.

264 1130 383 1171 numen
404 1113 510 1188 adest3
537 1113 634 1173 altam
655 1112 771 1172 sauciis
791 1113 827 1171 in
846 1112 982 1172 vallibus
1002 1112 1109 1172 aedem

304 1209 423 1269 lumina
443 1211 507 1270 iam
527 1211 628 1286 lunae,
653 1210 717 1270 iam
737 1213 799 1287 tua,
824 1211 957 1286 Phoebe,
982 1210 1104 1287 rigani3

262 1302 337 1362 hine
357 1304 453 1379 illine,
477 1305 565 1366 velut
584 1305 676 1380 unda,
700 1308 799 1364 ruunt
819 1304 989 1365 certamina
1008 1304 1102 1379 belli3

303 1401 379 1461 urbs
399 1402 517 1462 intaeta
538 1404 653 1478 manet,
678 1403 756 1462 dum
777 1403 834 1463 dea
854 1422 978 1479 praeses
999 1403 1095 1462 adest.

263 1497 306 1558 sia
328 1519 384 1559 sua
405 1501 517 1578 cuique
537 1500 644 1561 anima
664 1504 712 1561 est
732 1520 855 1577 praeses
875 1501 938 1574 dea,
962 1501 1123 1561 montibus
1144 1500 1200 1560 illa

304 1597 404 1657 eineis
425 1599 491 1658 suis
510 1600 629 1659 fruitur
645 1599 788 1659 liberiore
809 1598 900 1675 p0103

261 1697 336 1754 suni
356 1695 451 1772 gelidi
470 1697 596 1771 circum,
621 1699 695 1755 suni
711 1697 814 1755 multo
835 1715 996 1755 murmure
1017 1696 1128 1772 fontes,

301 1813 359 1853 nos
381 1795 483 1872 adyta,
507 1815 534 1870 a,
558 1815 628 1854 raro
648 1794 782 1855 visimus
802 1794 857 1853 illa
877 1794 975 1870 pede.'

262 1910 328 1950 eras
349 1893 464 1953 iterum
485 1913 609 1969 campos
629 1892 711 1952 bello
732 1893 851 1953 fervere
872 1891 1001 1966 videbis,

301 2009 473 2066 purpureas
494 1991 642 2050 Xanthus
662 1989 814 2068 sanguine
834 1989 937 2066 tinget
957 2009 1070 2066 aquas;

263 2086 389 2164 iamque
408 2089 490 2149 Aiax
511 2089 635 2162 iterum,
659 2088 723 2147 iam
745 2087 863 2165 proelia
883 2090 1024 2148 conseret
1044 2087 1170 2163 Hector,

304 2186 459 2262 Tyndaris
479 2189 511 2246 ei
531 2207 640 2248 muros
661 2206 778 2262 rursus,
804 2188 841 2245 ut
861 2188 942 2260 anie,
966 2189 1058 2262 petet.

262 2285 311 2343 asi
330 2284 436 2344 anima
457 2306 495 2346 ex
515 2285 610 2362 adyto
631 2305 692 2361 qua
712 2304 745 2344 se
765 2283 832 2344 sola
852 2283 972 2344 abdidit
992 2284 1057 2343 alto

301 2385 408 2443 nostra
428 2385 534 2443 tamen
554 2382 680 2460 proprio
700 2381 833 2441 numine
853 2383 934 2442 facia
955 2381 1036 2458 regit
1047 2403 1056 2456 ;

261 2500 322 2556 quo
343 2482 420 2540 duee
441 2501 505 2541 non
526 2501 635 2540 omnes
655 2501 693 2541 ex
713 2483 801 2558 parte
822 2480 993 2557 peribimus
1014 2479 1109 2554 omni,

301 2578 351 2638 sin
372 2580 461 2656 absit,
487 2581 594 2640 dextra
614 2579 703 2640 nulla
723 2579 847 2641 valente
869 2579 962 2640 salus.

1123 2688 1147 2724 la.
1160 2689 1184 2724 Δ.

677 2829 767 2871 xcvn

353 2924 411 2990 Καὶ
432 2926 492 3007 μὴν
513 2928 549 2990 τά
570 2925 596 2991 θ’
618 2929 708 2990 αὑτοῦ
730 2926 840 3006 σεμνὸν
861 2925 1004 3008 ἡγεῖσθαι
1027 2923 1127 3004 δέμας,

353 3031 467 3113 γνῶναί
487 3029 513 3093 θ’
536 3033 648 3109 ἑαυτόν,
669 3028 716 3095 καὶ
739 3030 773 3094 τὸ
796 3033 969 3111 σωφρονεῖν
991 3027 1098 3109 τρίτον,

350 3138 473 3212 βροτοῖς
496 3133 533 3197 τὰ
557 3133 629 3215 κύρι’
653 3131 720 3198 ἐστὶ
742 3139 796 3196 τοῦ
819 3138 937 3214 κρατεῖν
959 3132 1045 3209 μόνα.

351 3236 422 3299 ἀλλ’
443 3235 462 3314 ἡ
485 3239 543 3318 γδρ
567 3235 654 3321 ἰσχὺς
675 3235 918 3318 αὐτεπάγγελτος
941 3241 1031 3316 φιλεῖ

350 3338 464 3405 τούτοις
486 3341 635 3415 ἐπελθεῖν,
659 3337 727 3423 ούχὶ
749 3345 800 3402 τοῦ
824 3342 942 3415 κρατεῖν
963 3339 1053 3422 χάριν

349 3443 454 3507 ἆσκεῖν
476 3442 538 3507 τάδ’
561 3443 647 3522 ἡμᾶς,
672 3443 754 3505 ἀλλὰ
776 3443 831 3505 τάν
851 3443 912 3527 βίῳ
934 3443 1032 3526 χρεὼν

349 3547 460 3626 νόμιμα
482 3545 591 3627 σέβειν
613 3546 738 3628 ἔργοισι,
763 3544 908 3628 δειμάτων
930 3545 1010 3627 ἄτερ·

348 3649 432 3729 δίκην
454 3649 480 3714 δ’
502 3651 547 3725 ἄν,
570 3649 664 3714 οὕνεκ’
686 3647 723 3728 ἦν
745 3649 819 3730 δίκη,
842 3656 902 3714 τῶν
924 3649 953 3732 γ’
976 3649 1134 3731 ἐμφρόνων

348 3753 489 3818 σπεύδειν
511 3752 548 3818 δν
571 3753 628 3833 εἴη,
649 3757 723 3834 μηδὲ
747 3751 929 3834 συμβάντων
949 3751 1064 3833 μέλειν.

1077 3851 1104 3887 1).
1117 3850 1144 3888 Β.
1155 3850 1183 3886 1.
