<?xml version="1.0" encoding="UTF-8"?>
<!DOCTYPE html PUBLIC "-//W3C//DTD XHTML 1.0 Transitional//EN"
    "http://www.w3.org/TR/xhtml1/DTD/xhtml1-transitional.dtd">
<html xmlns="http://www.w3.org/1999/xhtml" xml:lang="en" lang="en">
 <head>
  <title>
</title>
<meta http-equiv="Content-Type" content="text/html;charset=utf-8" />
  <meta name='ocr-system' content='tesseract 3.04.00' />
  <meta name='ocr-capabilities' content='ocr_page ocr_carea ocr_par ocr_line ocrx_word'/>
</head>
<body>
  <div class='ocr_page' id='page_1' title='image "./novaanthologiao01godlgoog/novaanthologiao01godlgoog_0203.png"; bbox 0 0 3004 4520; ppageno 0'>
   <div class='ocr_carea' id='block_1_1' title="bbox 619 345 833 393">
    <p class='ocr_par' dir='ltr' id='par_1_1' title="bbox 619 345 833 393">
     <span class='ocr_line' id='line_1_1' title="bbox 619 345 833 393; baseline 0.009 -2"><span class='ocrx_word' id='word_1_1' title='bbox 619 345 833 393; x_wconf 85' lang='lat' dir='ltr'>OXONIENSIS</span> 
     </span>
    </p>
   </div>
   <div class='ocr_carea' id='block_1_2' title="bbox 695 803 757 844">
    <p class='ocr_par' dir='ltr' id='par_1_2' title="bbox 695 803 757 844">
     <span class='ocr_line' id='line_1_2' title="bbox 695 803 757 844; baseline 0 0"><span class='ocrx_word' id='word_1_2' title='bbox 695 803 757 844; x_wconf 75' lang='lat' dir='ltr'>CXV</span> 
     </span>
    </p>
   </div>
   <div class='ocr_carea' id='block_1_3' title="bbox 269 899 1206 977">
    <p class='ocr_par' dir='ltr' id='par_1_3' title="bbox 269 899 1206 977">
     <span class='ocr_line' id='line_1_3' title="bbox 269 899 1206 977; baseline 0.001 -19"><span class='ocrx_word' id='word_1_3' title='bbox 269 900 352 958; x_wconf 79' lang='lat' dir='ltr'>Tum</span> <span class='ocrx_word' id='word_1_4' title='bbox 372 899 489 976; x_wconf 82' lang='lat' dir='ltr'>refugit</span> <span class='ocrx_word' id='word_1_5' title='bbox 510 901 642 976; x_wconf 80' lang='lat' dir='ltr'>Ganges,</span> <span class='ocrx_word' id='word_1_6' title='bbox 667 899 770 959; x_wconf 89' lang='lat' dir='ltr'>oriens</span> <span class='ocrx_word' id='word_1_7' title='bbox 790 901 861 958; x_wconf 93' lang='lat' dir='ltr'>tum</span> <span class='ocrx_word' id='word_1_8' title='bbox 881 900 1033 977; x_wconf 89' lang='lat' dir='ltr'>quidquid</span> <span class='ocrx_word' id='word_1_9' title='bbox 1053 919 1206 977; x_wconf 89' lang='lat' dir='ltr'>aquarum</span> 
     </span>
    </p>
   </div>
   <div class='ocr_carea' id='block_1_4' title="bbox 263 997 1187 3440">
    <p class='ocr_par' dir='ltr' id='par_1_4' title="bbox 268 997 1137 1172">
     <span class='ocr_line' id='line_1_4' title="bbox 268 997 1137 1074; baseline 0.003 -19"><span class='ocrx_word' id='word_1_10' title='bbox 268 997 316 1057; x_wconf 88' lang='lat' dir='ltr'>sol</span> <span class='ocrx_word' id='word_1_11' title='bbox 336 998 429 1074; x_wconf 69' lang='lat' dir='ltr'>videt</span> <span class='ocrx_word' id='word_1_12' title='bbox 453 1001 485 1058; x_wconf 91' lang='lat' dir='ltr'>et</span> <span class='ocrx_word' id='word_1_13' title='bbox 505 1000 650 1074; x_wconf 90' lang='lat' dir='ltr'>repetunt</span> <span class='ocrx_word' id='word_1_14' title='bbox 671 998 860 1074; x_wconf 75' lang='lat' dir='ltr'><strong>trepidantia</strong></span> <span class='ocrx_word' id='word_1_15' title='bbox 880 998 1012 1058; x_wconf 88' lang='lat' dir='ltr'>fiumina</span> <span class='ocrx_word' id='word_1_16' title='bbox 1033 999 1137 1058; x_wconf 88' lang='lat' dir='ltr'>fontis.</span> 
     </span>
     <span class='ocr_line' id='line_1_5' title="bbox 268 1095 989 1172; baseline 0.006 -20"><span class='ocrx_word' id='word_1_17' title='bbox 268 1095 395 1155; x_wconf 84' lang='lat' dir='ltr'>insolita</span> <span class='ocrx_word' id='word_1_18' title='bbox 415 1095 542 1172; x_wconf 87' lang='lat' dir='ltr'>penitus</span> <span class='ocrx_word' id='word_1_19' title='bbox 562 1098 632 1155; x_wconf 91' lang='lat' dir='ltr'>tum</span> <span class='ocrx_word' id='word_1_20' title='bbox 651 1096 720 1156; x_wconf 87' lang='lat' dir='ltr'>visa</span> <span class='ocrx_word' id='word_1_21' title='bbox 740 1096 901 1156; x_wconf 88' lang='lat' dir='ltr'>rubescere</span> <span class='ocrx_word' id='word_1_22' title='bbox 921 1096 989 1156; x_wconf 87' lang='lat' dir='ltr'>luce</span> 
     </span>
    </p>

    <p class='ocr_par' dir='ltr' id='par_1_5' title="bbox 268 1180 1031 1368">
     <span class='ocr_line' id='line_1_6' title="bbox 269 1180 1031 1271; baseline 0.003 -19"><span class='ocrx_word' id='word_1_23' title='bbox 269 1213 325 1253; x_wconf 82' lang='lat' dir='ltr'>axe</span> <span class='ocrx_word' id='word_1_24' title='bbox 345 1194 404 1253; x_wconf 89' lang='lat' dir='ltr'>sub</span> <span class='ocrx_word' id='word_1_25' title='bbox 425 1194 542 1254; x_wconf 82' lang='lat' dir='ltr'>Arctoo</span> <span class='ocrx_word' id='word_1_26' title='bbox 563 1196 717 1271; x_wconf 76' lang='lat' dir='ltr'>quotquot</span> <span class='ocrx_word' id='word_1_27' title='bbox 736 1194 878 1271; x_wconf 80' lang='lat' dir='ltr'>glacialia</span> <span class='ocrx_word' id='word_1_28' title='bbox 897 1180 1031 1271; x_wconf 75' lang='lat' dir='ltr'>surgunt</span> 
     </span>
     <span class='ocr_line' id='line_1_7' title="bbox 268 1292 1014 1368; baseline 0.001 -19"><span class='ocrx_word' id='word_1_29' title='bbox 268 1292 416 1366; x_wconf 89' lang='lat' dir='ltr'>eulmina,</span> <span class='ocrx_word' id='word_1_30' title='bbox 438 1312 513 1351; x_wconf 90' lang='lat' dir='ltr'>nam</span> <span class='ocrx_word' id='word_1_31' title='bbox 534 1292 595 1351; x_wconf 87' lang='lat' dir='ltr'>late</span> <span class='ocrx_word' id='word_1_32' title='bbox 617 1295 738 1368; x_wconf 88' lang='lat' dir='ltr'>septem</span> <span class='ocrx_word' id='word_1_33' title='bbox 759 1293 896 1353; x_wconf 88' lang='lat' dir='ltr'>subiecta</span> <span class='ocrx_word' id='word_1_34' title='bbox 917 1293 1014 1353; x_wconf 93' lang='lat' dir='ltr'>trioni</span> 
     </span>
    </p>

    <p class='ocr_par' dir='ltr' id='par_1_6' title="bbox 268 1390 1187 1565">
     <span class='ocr_line' id='line_1_8' title="bbox 269 1390 1187 1470; baseline 0.001 -21"><span class='ocrx_word' id='word_1_35' title='bbox 269 1390 357 1466; x_wconf 89' lang='lat' dir='ltr'>(quae</span> <span class='ocrx_word' id='word_1_36' title='bbox 379 1390 445 1450; x_wconf 88' lang='lat' dir='ltr'>loca</span> <span class='ocrx_word' id='word_1_37' title='bbox 466 1411 529 1450; x_wconf 86' lang='lat' dir='ltr'>nox</span> <span class='ocrx_word' id='word_1_38' title='bbox 549 1391 708 1450; x_wconf 80' lang='lat' dir='ltr'>semestris</span> <span class='ocrx_word' id='word_1_39' title='bbox 729 1391 824 1450; x_wconf 87' lang='lat' dir='ltr'>habet</span> <span class='ocrx_word' id='word_1_40' title='bbox 844 1391 1010 1467; x_wconf 72' lang='lat' dir='ltr'><strong>tristesque</strong></span> <span class='ocrx_word' id='word_1_41' title='bbox 1031 1391 1187 1470; x_wconf 77' lang='lat' dir='ltr'>tenebrae)</span> 
     </span>
     <span class='ocr_line' id='line_1_9' title="bbox 268 1487 1023 1565; baseline 0.003 -19"><span class='ocrx_word' id='word_1_42' title='bbox 268 1489 348 1547; x_wconf 89' lang='lat' dir='ltr'>celsa</span> <span class='ocrx_word' id='word_1_43' title='bbox 368 1487 448 1565; x_wconf 87' lang='lat' dir='ltr'>iuga,</span> <span class='ocrx_word' id='word_1_44' title='bbox 472 1491 504 1549; x_wconf 91' lang='lat' dir='ltr'>et</span> <span class='ocrx_word' id='word_1_45' title='bbox 524 1489 630 1564; x_wconf 89' lang='lat' dir='ltr'>clivos,</span> <span class='ocrx_word' id='word_1_46' title='bbox 654 1492 687 1548; x_wconf 88' lang='lat' dir='ltr'>et</span> <span class='ocrx_word' id='word_1_47' title='bbox 706 1489 857 1565; x_wconf 82' lang='lat' dir='ltr'>piniferos</span> <span class='ocrx_word' id='word_1_48' title='bbox 877 1509 1023 1565; x_wconf 87' lang='lat' dir='ltr'>secessus,</span> 
     </span>
    </p>

    <p class='ocr_par' dir='ltr' id='par_1_7' title="bbox 269 1587 1068 1664">
     <span class='ocr_line' id='line_1_10' title="bbox 269 1587 1068 1664; baseline 0.008 -20"><span class='ocrx_word' id='word_1_49' title='bbox 269 1589 338 1645; x_wconf 90' lang='lat' dir='ltr'>tum</span> <span class='ocrx_word' id='word_1_50' title='bbox 359 1587 503 1647; x_wconf 88' lang='lat' dir='ltr'>rutilasse</span> <span class='ocrx_word' id='word_1_51' title='bbox 523 1588 630 1647; x_wconf 83' lang='lat' dir='ltr'>ferunt</span> <span class='ocrx_word' id='word_1_52' title='bbox 650 1589 778 1664; x_wconf 91' lang='lat' dir='ltr'>totoque</span> <span class='ocrx_word' id='word_1_53' title='bbox 799 1587 956 1648; x_wconf 81' lang='lat' dir='ltr'>ardescere</span> <span class='ocrx_word' id='word_1_54' title='bbox 976 1589 1068 1650; x_wconf 89' lang='lat' dir='ltr'>caelo.</span> 
     </span>
    </p>

    <p class='ocr_par' dir='ltr' id='par_1_8' title="bbox 267 1684 983 1770">
     <span class='ocr_line' id='line_1_11' title="bbox 267 1684 983 1770; baseline 0.004 -28"><span class='ocrx_word' id='word_1_55' title='bbox 267 1684 352 1744; x_wconf 89' lang='lat' dir='ltr'>haud</span> <span class='ocrx_word' id='word_1_56' title='bbox 372 1685 443 1744; x_wconf 87' lang='lat' dir='ltr'>aliis</span> <span class='ocrx_word' id='word_1_57' title='bbox 464 1686 541 1770; x_wconf 83' lang='lat' dir='ltr'>olim</span> <span class='ocrx_word' id='word_1_58' title='bbox 562 1685 680 1745; x_wconf 80' lang='lat' dir='ltr'>facibus</span> <span class='ocrx_word' id='word_1_59' title='bbox 701 1686 816 1746; x_wconf 87' lang='lat' dir='ltr'>devexa</span> <span class='ocrx_word' id='word_1_60' title='bbox 837 1685 983 1762; x_wconf 89' lang='lat' dir='ltr'>polorum</span> 
     </span>
    </p>

    <p class='ocr_par' dir='ltr' id='par_1_9' title="bbox 266 1782 969 1861">
     <span class='ocr_line' id='line_1_12' title="bbox 266 1782 969 1861; baseline 0.003 -20"><span class='ocrx_word' id='word_1_61' title='bbox 266 1782 391 1842; x_wconf 83' lang='lat' dir='ltr'>exitiale</span> <span class='ocrx_word' id='word_1_62' title='bbox 410 1803 523 1861; x_wconf 86' lang='lat' dir='ltr'>agmen</span> <span class='ocrx_word' id='word_1_63' title='bbox 544 1784 654 1843; x_wconf 84' lang='lat' dir='ltr'>Furias</span> <span class='ocrx_word' id='word_1_64' title='bbox 674 1784 835 1844; x_wconf 88' lang='lat' dir='ltr'>decurrere</span> <span class='ocrx_word' id='word_1_65' title='bbox 857 1785 969 1860; x_wconf 69' lang='lat' dir='ltr'>credas²</span> 
     </span>
    </p>

    <p class='ocr_par' dir='ltr' id='par_1_10' title="bbox 267 1883 1185 2156">
     <span class='ocr_line' id='line_1_13' title="bbox 267 1883 1085 1960; baseline 0.004 -20"><span class='ocrx_word' id='word_1_66' title='bbox 267 1884 360 1958; x_wconf 87' lang='lat' dir='ltr'>atque</span> <span class='ocrx_word' id='word_1_67' title='bbox 379 1885 592 1942; x_wconf 89' lang='lat' dir='ltr'>extremorum</span> <span class='ocrx_word' id='word_1_68' title='bbox 611 1883 691 1942; x_wconf 84' lang='lat' dir='ltr'>ferre</span> <span class='ocrx_word' id='word_1_69' title='bbox 713 1886 897 1960; x_wconf 89' lang='lat' dir='ltr'>argumenta</span> <span class='ocrx_word' id='word_1_70' title='bbox 916 1883 1085 1943; x_wconf 88' lang='lat' dir='ltr'>malorum.</span> 
     </span>
     <span class='ocr_line' id='line_1_14' title="bbox 267 1980 1185 2058; baseline 0.002 -20"><span class='ocrx_word' id='word_1_71' title='bbox 267 1981 395 2058; x_wconf 91' lang='lat' dir='ltr'>corripit</span> <span class='ocrx_word' id='word_1_72' title='bbox 414 1981 496 2058; x_wconf 87' lang='lat' dir='ltr'>ignis</span> <span class='ocrx_word' id='word_1_73' title='bbox 517 2001 626 2058; x_wconf 89' lang='lat' dir='ltr'>agros;</span> <span class='ocrx_word' id='word_1_74' title='bbox 655 1985 795 2058; x_wconf 91' lang='lat' dir='ltr'>segetum</span> <span class='ocrx_word' id='word_1_75' title='bbox 816 1982 891 2040; x_wconf 91' lang='lat' dir='ltr'>tunc</span> <span class='ocrx_word' id='word_1_76' title='bbox 912 1981 1018 2041; x_wconf 81' lang='lat' dir='ltr'>fumus</span> <span class='ocrx_word' id='word_1_77' title='bbox 1039 1980 1073 2040; x_wconf 92' lang='lat' dir='ltr'>in</span> <span class='ocrx_word' id='word_1_78' title='bbox 1094 2001 1185 2040; x_wconf 86' lang='lat' dir='ltr'>auras</span> 
     </span>
     <span class='ocr_line' id='line_1_15' title="bbox 267 2078 988 2156; baseline 0.003 -18"><span class='ocrx_word' id='word_1_79' title='bbox 267 2078 405 2139; x_wconf 82' lang='lat' dir='ltr'>Volcano</span> <span class='ocrx_word' id='word_1_80' title='bbox 427 2079 566 2156; x_wconf 84' lang='lat' dir='ltr'>rapiente</span> <span class='ocrx_word' id='word_1_81' title='bbox 587 2079 674 2140; x_wconf 85' lang='lat' dir='ltr'>volat</span> <span class='ocrx_word' id='word_1_82' title='bbox 693 2099 829 2138; x_wconf 90' lang='lat' dir='ltr'>messore</span> <span class='ocrx_word' id='word_1_83' title='bbox 851 2079 988 2141; x_wconf 89' lang='lat' dir='ltr'>sinistro.</span> 
     </span>
    </p>

    <p class='ocr_par' dir='ltr' id='par_1_11' title="bbox 266 2177 1186 2550">
     <span class='ocr_line' id='line_1_16' title="bbox 266 2177 1116 2254; baseline 0.004 -20"><span class='ocrx_word' id='word_1_84' title='bbox 266 2177 303 2236; x_wconf 90' lang='lat' dir='ltr'>fit</span> <span class='ocrx_word' id='word_1_85' title='bbox 323 2178 451 2254; x_wconf 88' lang='lat' dir='ltr'>propior</span> <span class='ocrx_word' id='word_1_86' title='bbox 471 2178 628 2254; x_wconf 89' lang='lat' dir='ltr'>strepitus,</span> <span class='ocrx_word' id='word_1_87' title='bbox 652 2178 740 2238; x_wconf 89' lang='lat' dir='ltr'>nullo</span> <span class='ocrx_word' id='word_1_88' title='bbox 761 2179 950 2252; x_wconf 85' lang='lat' dir='ltr'>moderante,</span> <span class='ocrx_word' id='word_1_89' title='bbox 974 2180 1116 2238; x_wconf 89' lang='lat' dir='ltr'>rotarum</span> 
     </span>
     <span class='ocr_line' id='line_1_17' title="bbox 266 2275 1186 2355; baseline 0.001 -21"><span class='ocrx_word' id='word_1_90' title='bbox 266 2275 396 2335; x_wconf 85' lang='lat' dir='ltr'>exitium</span> <span class='ocrx_word' id='word_1_91' title='bbox 417 2279 614 2355; x_wconf 84' lang='lat' dir='ltr'>stragemque</span> <span class='ocrx_word' id='word_1_92' title='bbox 634 2277 768 2352; x_wconf 88' lang='lat' dir='ltr'>minans,</span> <span class='ocrx_word' id='word_1_93' title='bbox 793 2277 890 2337; x_wconf 90' lang='lat' dir='ltr'>simul</span> <span class='ocrx_word' id='word_1_94' title='bbox 909 2277 1048 2354; x_wconf 90' lang='lat' dir='ltr'>undique</span> <span class='ocrx_word' id='word_1_95' title='bbox 1068 2278 1186 2337; x_wconf 87' lang='lat' dir='ltr'>clamor</span> 
     </span>
     <span class='ocr_line' id='line_1_18' title="bbox 266 2374 1092 2452; baseline 0 -19"><span class='ocrx_word' id='word_1_96' title='bbox 266 2374 396 2434; x_wconf 87' lang='lat' dir='ltr'>urbibus</span> <span class='ocrx_word' id='word_1_97' title='bbox 415 2375 551 2435; x_wconf 89' lang='lat' dir='ltr'>incensis</span> <span class='ocrx_word' id='word_1_98' title='bbox 567 2375 734 2435; x_wconf 92' lang='lat' dir='ltr'>hominum</span> <span class='ocrx_word' id='word_1_99' title='bbox 754 2376 792 2435; x_wconf 90' lang='lat' dir='ltr'>fit</span> <span class='ocrx_word' id='word_1_100' title='bbox 812 2376 880 2435; x_wconf 90' lang='lat' dir='ltr'>dira</span> <span class='ocrx_word' id='word_1_101' title='bbox 899 2377 1092 2452; x_wconf 85' lang='lat' dir='ltr'>precantum,</span> 
     </span>
     <span class='ocr_line' id='line_1_19' title="bbox 268 2474 1032 2550; baseline -0.001 -18"><span class='ocrx_word' id='word_1_102' title='bbox 268 2493 346 2549; x_wconf 90' lang='lat' dir='ltr'>quos</span> <span class='ocrx_word' id='word_1_103' title='bbox 367 2475 431 2550; x_wconf 89' lang='lat' dir='ltr'>agit</span> <span class='ocrx_word' id='word_1_104' title='bbox 451 2474 635 2534; x_wconf 91' lang='lat' dir='ltr'>innumeros</span> <span class='ocrx_word' id='word_1_105' title='bbox 657 2475 736 2534; x_wconf 92' lang='lat' dir='ltr'>Oreo</span> <span class='ocrx_word' id='word_1_106' title='bbox 757 2474 907 2534; x_wconf 87' lang='lat' dir='ltr'>Volcania</span> <span class='ocrx_word' id='word_1_107' title='bbox 926 2474 1032 2550; x_wconf 86' lang='lat' dir='ltr'>pestis.</span> 
     </span>
    </p>

    <p class='ocr_par' dir='ltr' id='par_1_12' title="bbox 265 2572 1150 2749">
     <span class='ocr_line' id='line_1_20' title="bbox 265 2572 1150 2649; baseline 0 -19"><span class='ocrx_word' id='word_1_108' title='bbox 265 2592 339 2631; x_wconf 87' lang='lat' dir='ltr'>mox</span> <span class='ocrx_word' id='word_1_109' title='bbox 360 2572 446 2632; x_wconf 87' lang='lat' dir='ltr'>Iovis</span> <span class='ocrx_word' id='word_1_110' title='bbox 467 2572 594 2632; x_wconf 86' lang='lat' dir='ltr'>advenit</span> <span class='ocrx_word' id='word_1_111' title='bbox 612 2573 745 2648; x_wconf 90' lang='lat' dir='ltr'>plangor</span> <span class='ocrx_word' id='word_1_112' title='bbox 764 2574 934 2649; x_wconf 90' lang='lat' dir='ltr'>productus</span> <span class='ocrx_word' id='word_1_113' title='bbox 954 2573 993 2632; x_wconf 89' lang='lat' dir='ltr'>ad</span> <span class='ocrx_word' id='word_1_114' title='bbox 1014 2572 1150 2647; x_wconf 86' lang='lat' dir='ltr'>auris,—</span> 
     </span>
     <span class='ocr_line' id='line_1_21' title="bbox 265 2670 1048 2749; baseline 0.001 -20"><span class='ocrx_word' id='word_1_115' title='bbox 265 2670 317 2730; x_wconf 91' lang='lat' dir='ltr'>ille</span> <span class='ocrx_word' id='word_1_116' title='bbox 338 2671 432 2730; x_wconf 91' lang='lat' dir='ltr'>deum</span> <span class='ocrx_word' id='word_1_117' title='bbox 452 2670 575 2730; x_wconf 90' lang='lat' dir='ltr'>medius</span> <span class='ocrx_word' id='word_1_118' title='bbox 596 2672 686 2730; x_wconf 92' lang='lat' dir='ltr'>coetu</span> <span class='ocrx_word' id='word_1_119' title='bbox 707 2671 850 2749; x_wconf 89' lang='lat' dir='ltr'>cingente</span> <span class='ocrx_word' id='word_1_120' title='bbox 870 2671 1048 2746; x_wconf 74' lang='lat' dir='ltr'>sedebat-</span> 
     </span>
    </p>

    <p class='ocr_par' dir='ltr' id='par_1_13' title="bbox 266 2769 1179 2945">
     <span class='ocr_line' id='line_1_22' title="bbox 267 2769 1179 2846; baseline 0.001 -18"><span class='ocrx_word' id='word_1_121' title='bbox 267 2770 343 2828; x_wconf 91' lang='lat' dir='ltr'>dum</span> <span class='ocrx_word' id='word_1_122' title='bbox 364 2770 477 2846; x_wconf 87' lang='lat' dir='ltr'>stupet,</span> <span class='ocrx_word' id='word_1_123' title='bbox 501 2789 550 2845; x_wconf 87' lang='lat' dir='ltr'>en,</span> <span class='ocrx_word' id='word_1_124' title='bbox 574 2772 677 2830; x_wconf 88' lang='lat' dir='ltr'>aestus</span> <span class='ocrx_word' id='word_1_125' title='bbox 698 2771 802 2829; x_wconf 90' lang='lat' dir='ltr'>subito</span> <span class='ocrx_word' id='word_1_126' title='bbox 822 2770 911 2830; x_wconf 87' lang='lat' dir='ltr'>velut</span> <span class='ocrx_word' id='word_1_127' title='bbox 930 2770 1032 2829; x_wconf 92' lang='lat' dir='ltr'>imbre</span> <span class='ocrx_word' id='word_1_128' title='bbox 1053 2769 1179 2830; x_wconf 88' lang='lat' dir='ltr'>cadente</span> 
     </span>
     <span class='ocr_line' id='line_1_23' title="bbox 266 2867 1039 2945; baseline 0 -19"><span class='ocrx_word' id='word_1_129' title='bbox 266 2870 391 2943; x_wconf 89' lang='lat' dir='ltr'>quassat</span> <span class='ocrx_word' id='word_1_130' title='bbox 411 2867 610 2944; x_wconf 84' lang='lat' dir='ltr'>Olympiacos</span> <span class='ocrx_word' id='word_1_131' title='bbox 631 2868 756 2945; x_wconf 89' lang='lat' dir='ltr'>obliquo</span> <span class='ocrx_word' id='word_1_132' title='bbox 775 2869 903 2929; x_wconf 83' lang='lat' dir='ltr'>verbere</span> <span class='ocrx_word' id='word_1_133' title='bbox 924 2887 1039 2943; x_wconf 85' lang='lat' dir='ltr'>muros,</span> 
     </span>
    </p>

    <p class='ocr_par' dir='ltr' id='par_1_14' title="bbox 266 2966 949 3043">
     <span class='ocr_line' id='line_1_24' title="bbox 266 2966 949 3043; baseline -0.001 -18"><span class='ocrx_word' id='word_1_134' title='bbox 266 2966 371 3025; x_wconf 86' lang='lat' dir='ltr'>omnia</span> <span class='ocrx_word' id='word_1_135' title='bbox 392 2987 453 3043; x_wconf 92' lang='lat' dir='ltr'>quo</span> <span class='ocrx_word' id='word_1_136' title='bbox 474 2967 536 3025; x_wconf 86' lang='lat' dir='ltr'>late</span> <span class='ocrx_word' id='word_1_137' title='bbox 556 2967 735 3027; x_wconf 83' lang='lat' dir='ltr'>fervescunt</span> <span class='ocrx_word' id='word_1_138' title='bbox 748 2967 808 3026; x_wconf 88' lang='lat' dir='ltr'>icta</span> <span class='ocrx_word' id='word_1_139' title='bbox 827 2986 949 3042; x_wconf 88' lang='lat' dir='ltr'>vapore,</span> 
     </span>
    </p>

    <p class='ocr_par' dir='ltr' id='par_1_15' title="bbox 266 3064 1061 3142">
     <span class='ocr_line' id='line_1_25' title="bbox 266 3064 1061 3142; baseline -0.003 -18"><span class='ocrx_word' id='word_1_140' title='bbox 266 3083 377 3124; x_wconf 89' lang='lat' dir='ltr'>aureus</span> <span class='ocrx_word' id='word_1_141' title='bbox 398 3067 430 3124; x_wconf 89' lang='lat' dir='ltr'>et</span> <span class='ocrx_word' id='word_1_142' title='bbox 450 3065 597 3141; x_wconf 90' lang='lat' dir='ltr'>splendor</span> <span class='ocrx_word' id='word_1_143' title='bbox 617 3065 713 3125; x_wconf 86' lang='lat' dir='ltr'>vestit</span> <span class='ocrx_word' id='word_1_144' title='bbox 733 3065 888 3142; x_wconf 87' lang='lat' dir='ltr'>laquearia</span> <span class='ocrx_word' id='word_1_145' title='bbox 908 3064 991 3124; x_wconf 89' lang='lat' dir='ltr'>caeli.</span> <span class='ocrx_word' id='word_1_146' title='bbox 1054 3111 1061 3122; x_wconf 81' lang='grc'>.</span> 
     </span>
    </p>

    <p class='ocr_par' dir='ltr' id='par_1_16' title="bbox 263 3162 1038 3240">
     <span class='ocr_line' id='line_1_26' title="bbox 263 3162 1038 3240; baseline 0.001 -19"><span class='ocrx_word' id='word_1_147' title='bbox 263 3165 330 3222; x_wconf 92' lang='lat' dir='ltr'>tota</span> <span class='ocrx_word' id='word_1_148' title='bbox 350 3163 569 3224; x_wconf 88' lang='lat' dir='ltr'>columnarum</span> <span class='ocrx_word' id='word_1_149' title='bbox 590 3163 776 3223; x_wconf 87' lang='lat' dir='ltr'>densissima</span> <span class='ocrx_word' id='word_1_150' title='bbox 797 3162 878 3223; x_wconf 84' lang='lat' dir='ltr'>silva</span> <span class='ocrx_word' id='word_1_151' title='bbox 898 3163 1038 3240; x_wconf 86' lang='lat' dir='ltr'>refulget,</span> 
     </span>
    </p>

    <p class='ocr_par' dir='ltr' id='par_1_17' title="bbox 265 3262 1097 3440">
     <span class='ocr_line' id='line_1_27' title="bbox 265 3262 1097 3340; baseline 0.001 -19"><span class='ocrx_word' id='word_1_152' title='bbox 265 3265 309 3338; x_wconf 91' lang='lat' dir='ltr'>ut,</span> <span class='ocrx_word' id='word_1_153' title='bbox 332 3263 362 3322; x_wconf 87' lang='lat' dir='ltr'>si</span> <span class='ocrx_word' id='word_1_154' title='bbox 381 3264 460 3323; x_wconf 85' lang='lat' dir='ltr'>forte</span> <span class='ocrx_word' id='word_1_155' title='bbox 481 3283 593 3323; x_wconf 87' lang='lat' dir='ltr'>nemus</span> <span class='ocrx_word' id='word_1_156' title='bbox 612 3263 736 3339; x_wconf 88' lang='lat' dir='ltr'>piceum</span> <span class='ocrx_word' id='word_1_157' title='bbox 756 3262 986 3338; x_wconf 89' lang='lat' dir='ltr'>comprenderit</span> <span class='ocrx_word' id='word_1_158' title='bbox 1005 3263 1097 3340; x_wconf 89' lang='lat' dir='ltr'>ignis,</span> 
     </span>
     <span class='ocr_line' id='line_1_28' title="bbox 265 3361 1077 3440; baseline 0.004 -20"><span class='ocrx_word' id='word_1_159' title='bbox 265 3365 366 3422; x_wconf 85' lang='lat' dir='ltr'>exstat</span> <span class='ocrx_word' id='word_1_160' title='bbox 386 3383 525 3440; x_wconf 90' lang='lat' dir='ltr'>quaeque</span> <span class='ocrx_word' id='word_1_161' title='bbox 545 3382 602 3422; x_wconf 90' lang='lat' dir='ltr'>suo</span> <span class='ocrx_word' id='word_1_162' title='bbox 624 3361 813 3422; x_wconf 86' lang='lat' dir='ltr'>circumdata</span> <span class='ocrx_word' id='word_1_163' title='bbox 834 3361 953 3422; x_wconf 89' lang='lat' dir='ltr'>lumine</span> <span class='ocrx_word' id='word_1_164' title='bbox 973 3361 1077 3439; x_wconf 88' lang='lat' dir='ltr'>pinus.</span> 
     </span>
    </p>
   </div>
   <div class='ocr_carea' id='block_1_5' title="bbox 1097 3491 1187 3526">
    <p class='ocr_par' dir='ltr' id='par_1_18' title="bbox 1097 3491 1187 3526">
     <span class='ocr_line' id='line_1_29' title="bbox 1097 3491 1187 3526; baseline -0.011 -1"><span class='ocrx_word' id='word_1_165' title='bbox 1097 3493 1117 3526; x_wconf 78' lang='lat' dir='ltr'>J.</span> <span class='ocrx_word' id='word_1_166' title='bbox 1131 3491 1155 3524; x_wconf 71' lang='lat' dir='ltr'>Y.</span> <span class='ocrx_word' id='word_1_167' title='bbox 1167 3491 1187 3525; x_wconf 78' lang='lat' dir='ltr'>S.</span> 
     </span>
    </p>
   </div>
   <div class='ocr_carea' id='block_1_6' title="bbox 0 0 1506 4520">
    <p class='ocr_par' dir='ltr' id='par_1_19' title="bbox 0 0 1506 4520">
     <span class='ocr_line' id='line_1_30' title="bbox 0 0 1506 4520; baseline 0 1"><span class='ocrx_word' id='word_1_168' title='bbox 0 0 1506 4520; x_wconf 95' lang='lat' dir='ltr'> </span> 
     </span>
    </p>
   </div>
  </div>
 </body>
</html>
