3052 4496
651 388 866 436 OXONIENSIS

751 566 805 607 LIV

623 662 712 736 Tum,
736 665 767 722 te
789 661 914 737 deiecta,
938 665 1101 738 parentem

256 779 350 837 quam
370 780 436 819 non
457 758 579 819 felicem
600 760 826 838 volucrumque
847 760 1075 838 hominumque
1095 761 1229 822 vocavi?

255 859 332 935 quin
352 858 450 918 laetae
471 858 583 918 catulis
605 858 706 918 invidi
726 861 843 919 maesta
863 859 995 934 leaenae,

255 956 331 1033 quin
351 959 460 1016 natam
480 956 641 1032 abreptam
662 976 814 1033 quaerens
835 976 1007 1035 regumque
1028 976 1084 1033 per
1104 958 1182 1017 altas

254 1054 339 1114 ibam
359 1074 468 1114 amens
488 1054 574 1114 aulas
595 1057 802 1132 congestaque
823 1055 956 1130 caespite
976 1058 1065 1115 tecta

254 1172 343 1229 saepe
365 1154 453 1212 tuam
474 1153 632 1229 querulus,
656 1172 720 1212 nox
741 1172 814 1212 cum
834 1152 1023 1230 intempesta
1044 1154 1158 1229 sileret,

254 1270 427 1310 mammam
447 1250 552 1310 infans
573 1250 687 1324 hausit,
712 1252 859 1328 totusque
880 1254 1006 1328 repente
1028 1253 1153 1312 recessit

254 1369 270 1407 e
291 1349 380 1409 venis
401 1350 549 1409 morbus:
578 1349 700 1425 stupuit
720 1369 831 1409 somno
852 1350 952 1410 excita
971 1352 1080 1411 mater.

254 1447 325 1507 inde
347 1448 406 1507 sub
427 1447 627 1507 horrisonam
646 1449 778 1508 ventoso
799 1467 963 1508 murmure
985 1450 1109 1508 noctem

238 1547 448 1622 'egressa—et
468 1545 590 1605 medios
611 1565 721 1605 cursus
742 1566 806 1606 nox
826 1549 893 1606 atra
914 1547 1079 1606 tenebat-

254 1663 327 1703 voce
347 1664 425 1704 voco
445 1646 564 1714 ventos,
589 1647 701 1704 ventos
722 1664 791 1704 mea
811 1643 943 1722 pignora
963 1664 1065 1720 posco,

257 1745 368 1818 ‘quem
387 1742 532 1818 immitis,
556 1743 646 1802 vobis
666 1743 749 1802 unde
770 1743 847 1802 haec
867 1743 990 1803 insania
1011 1744 1158 1804 luctus?'

254 1841 457 1916 quaerebam:
489 1843 570 1901 ‘non
584 1843 667 1902 unde
682 1843 757 1901 haec
771 1862 944 1916 murmura,
963 1863 1027 1902 non
1046 1844 1102 1901 tua
1119 1862 1180 1919 qua
1199 1845 1249 1918 sit,

253 1939 421 2012 novimus,’
442 1939 608 2000 horrisono
630 1941 821 2016 respondent
842 1960 1005 1999 murmure
1026 1940 1121 2000 venti.

253 2037 417 2097 conscendi
437 2038 580 2114 scopulos
601 2058 791 2116 magnasque
812 2038 959 2097 obeuntia
979 2039 1078 2098 terras

252 2137 417 2210 poscebam
441 2138 448 2166 ‘
457 2136 623 2214 gemitisne
644 2137 769 2196 meam'
790 2139 879 2196 vasta
898 2156 1032 2213 aequora
1054 2138 1221 2197 ‘natam?’

256 2234 388 2310 ‘pignus
408 2234 463 2294 ubi
483 2239 629 2295 nostrum
649 2237 739 2296 est‘?'
761 2235 908 2312 omnique
929 2255 947 2294 a
968 2235 1060 2294 litore
1082 2254 1191 2295 rursus
1245 2296 1247 2300 ,

252 2332 348 2393 inscia
368 2333 549 2394 multisonis
568 2333 717 2410 immugit
737 2334 914 2410 planctibus
935 2334 1035 2394 unda:

253 2431 382 2508 ‘pignus
403 2431 498 2491 ubir‘
519 2431 602 2492 aerio
623 2432 816 2508 speculatae
838 2433 954 2493 vertice
975 2432 1094 2492 montis

251 2550 326 2589 mox
345 2529 441 2589 etiam
462 2530 547 2590 foliis
567 2530 630 2607 legi
650 2531 847 2608 nigrantibus
868 2532 1014 2592 umbram

251 2629 421 2688 silvarum:
449 2649 515 2688 non
535 2631 626 2688 antra
645 2630 730 2699 adeo,
752 2650 817 2690 non
839 2630 974 2690 claustra
994 2629 1129 2706 sepulcri

250 2727 436 2803 intemptata
455 2727 545 2802 mihi,
564 2727 640 2804 quin
662 2729 694 2787 et
714 2727 906 2804 pluvialibus
926 2727 1034 2788 haedis

249 2825 350 2886 multa
371 2845 464 2902 super
485 2825 594 2886 nimbo
615 2825 723 2886 labens
744 2828 872 2887 delubra
892 2847 948 2903 per
968 2827 1078 2886 urbem

249 2924 355 2984 audivi
374 2945 466 2985 voces
486 2924 662 2998 hominum,
686 2926 800 3003 quibus
821 2925 897 2986 orba
916 2926 1055 2999 vocabar,

249 3026 382 3082 matrem
403 3022 625 3099 appellantum‚
649 3026 785 3083 matrem
806 3027 972 3101 natamque
994 3025 1187 3100 gementum.

248 3121 322 3180 hinc
342 3141 457 3181 vacuos
477 3123 596 3182 tractus
617 3141 691 3182 arva
712 3125 744 3181 et
764 3122 937 3199 squalentia
957 3121 1066 3195 lustro,

247 3238 380 3297 parsque
400 3219 463 3279 fuit
483 3240 630 3280 curarum
651 3221 785 3280 humani
806 3240 879 3280 cura
900 3218 1024 3293 doloris,

247 3317 403 3394 plurimus
425 3321 461 3378 ut
482 3322 575 3395 rupto
597 3319 758 3379 fronderet
778 3317 887 3377 limine
908 3317 1021 3392 vepris,

248 3419 283 3475 ut
304 3416 436 3476 fractam
457 3417 541 3476 flexu
561 3436 689 3492 serpens
710 3416 858 3476 horrente
881 3415 1060 3475 columnam

247 3514 423 3592 stringeret,
446 3534 538 3574 exeso
559 3517 735 3590 perreperet
757 3533 826 3574 ossa
847 3512 972 3574 cerebro

247 3613 400 3689 scorpius.
441 3613 476 3672 in
496 3612 583 3688 putri
603 3612 712 3690 tigrim
732 3612 799 3672 vidi
820 3612 888 3688 ipsa
909 3611 1022 3672 sacello

247 3716 278 3771 et
298 3712 434 3771 laceram
454 3710 598 3788 effigiem,
623 3711 706 3770 saltu
728 3729 799 3769 cum
820 3710 932 3770 territa
952 3708 1050 3787 fugit:

247 3813 277 3868 te
299 3828 464 3886 nusquam.
1100 3832 1133 3868 w.
1145 3832 1171 3868 a.
1184 3833 1213 3871 u.
