3004 4520
606 361 820 409 OXONIENSIS

662 1073 756 1113 CLXXI

255 1165 339 1239 Quae
361 1166 470 1227 deinde
492 1168 636 1227 intulerit
656 1168 747 1229 facies
768 1189 800 1230 se
821 1170 909 1244 mira,
935 1171 1005 1247 quis
1025 1171 1118 1230 audet

254 1263 378 1325 dicere?
412 1286 487 1324 nam
506 1266 602 1325 viridi
622 1267 786 1327 devolsum
807 1268 884 1328 colle
906 1269 1092 1329 barathrum

256 1363 452 1424 transversas
472 1365 573 1441 aperit
592 1365 695 1425 fauces
716 1366 876 1442 cedrisque
897 1367 1038 1427 minatur

252 1453 418 1540 adpositis:
446 1483 537 1540 asper
556 1464 627 1523 visu
648 1465 778 1542 diraque
797 1466 953 1524 verendus

252 1561 402 1639 religione
422 1562 517 1635 locus,
544 1562 675 1638 qualem,
700 1562 777 1621 dum
798 1563 956 1622 contrahit
977 1563 1060 1640 ignis

252 1661 396 1737 Cynthia,
421 1660 550 1719 desertis
570 1660 721 1735 implebat
740 1661 869 1721 vocibus
889 1661 958 1722 Ino,

253 1762 284 1817 at
305 1759 453 1818 barathro
473 1778 512 1817 ex
535 1758 607 1832 imo,
631 1759 720 1817 velut
741 1778 811 1818 acer
832 1759 990 1819 anhelitus
1011 1761 1113 1836 ipsam

252 1855 398 1915 tellurem
418 1858 510 1931 atque
532 1855 596 1914 imo
618 1859 742 1934 quassat
762 1856 945 1917 fundamine
967 1859 1082 1932 Manes,

251 1954 365 2013 emicat
383 1975 424 2014 en
446 1954 573 2030 rapidus
593 1954 727 2015 ferventi
748 1955 870 2032 gurgite
891 1958 1022 2020 torrens.

253 2072 308 2111 neo
327 2055 433 2112 tamen
452 2053 596 2113 adsidue:
618 2073 746 2131 spumas
765 2074 900 2130 namque
914 2056 997 2114 inter
1013 2059 1045 2115 et
1061 2059 1184 2116 aestum

252 2151 382 2226 grandia
403 2171 476 2210 saxa
496 2151 604 2211 volant
615 2173 623 2226 ;
644 2152 688 2212 sic
710 2153 799 2213 tectis
820 2152 949 2213 horrida
970 2155 1095 2230 grando,

252 2249 297 2309 sic
317 2250 409 2310 tritae
430 2250 555 2323 saliunt,
579 2252 693 2328 urguet
714 2252 790 2310 dum
810 2271 941 2327 vannus,
966 2273 1088 2312 avenae.

252 2348 304 2407 hic
324 2349 385 2408 sibi
405 2369 461 2425 per
481 2349 599 2408 saltum
619 2351 651 2409 ct
670 2349 837 2409 volitantia
857 2350 1012 2426 fragmina
1033 2353 1150 2411 montis

252 2447 371 2522 rumpit
391 2446 451 2506 iter
471 2447 587 2507 fluvius
608 2447 763 2525 sacrisque
783 2448 919 2508 elabitur
939 2449 1041 2509 undis.

252 2544 361 2604 deinde
382 2545 509 2605 brevem
530 2545 630 2605 vitam
651 2547 773 2622 rapiens
794 2567 922 2606 nemora
943 2548 1025 2607 inter
1045 2551 1077 2608 et
1097 2568 1187 2626 agros

250 2643 391 2719 implicat
411 2643 593 2703 innumeros
614 2665 708 2720 gyros
729 2665 917 2722 cursumque
937 2649 1087 2720 moratur,

251 2741 544 2819 nequiquam—iam
565 2743 638 2801 finis
659 2744 745 2803 adest
766 2743 926 2820 antrisque
948 2745 1136 2820 propinquat

250 2840 421 2914 immensis,
445 2839 612 2899 hominum
634 2841 715 2899 nulli
735 2861 813 2917 quae
834 2862 958 2901 cernere
980 2842 1026 2901 fas
1047 2846 1102 2917 est,

251 2938 486 3015 stagnantisque
507 2938 582 2998 adeo
603 2959 636 2998 se
657 2940 797 2999 condidit
817 2959 948 3017 aequore
969 2942 1059 3016 ponti

250 3057 322 3096 cum
343 3037 466 3096 sonitu:
494 3039 526 3097 at
546 3037 637 3114 longe
659 3057 803 3097 resonare
824 3037 945 3098 audivit
965 3039 1065 3098 avitas

250 3136 373 3194 Aeneas
393 3155 492 3209 voces,
517 3138 637 3196 certum
657 3138 689 3194 et
709 3136 884 3212 praedicere
906 3136 1031 3197 bellum.

1139 3252 1164 3285 Δ.
1178 3251 1206 3283 li.
