3052 4496
649 397 863 445 OXONIENSIS

707 657 796 698 XLVII

253 763 323 822 Nox
344 763 408 822 ruit
428 762 546 823 interea
567 767 599 822 et
619 763 682 822 late
702 762 769 822 loca
788 765 877 823 vasta
898 761 1034 821 tenebris

253 864 388 938 occupat,
412 863 606 937 arrectasque
627 861 715 936 acies,
739 861 883 937 solosque
903 860 1028 920 relictos

252 960 395 1019 ductores
406 981 414 1033 ;
443 959 624 1037 gelidusque
646 960 743 1019 simul
762 959 937 1020 submissus
958 959 996 1017 ab
1019 959 1086 1019 Oxo

252 1058 277 1116 it
298 1077 370 1116 cum
391 1059 480 1117 nocte
500 1077 607 1133 vapor.
650 1077 730 1132 mox,
755 1060 844 1117 coetu
865 1059 901 1116 ut
921 1076 1010 1133 saepe
1031 1056 1140 1130 soluto,

252 1175 414 1215 murmura
434 1155 559 1215 misceri
579 1156 713 1231 tractim,
737 1155 911 1232 nebulaque
932 1155 1046 1214 micare

252 1254 418 1330 interrupti
438 1254 545 1331 ignes;
574 1257 692 1314 etenim
713 1275 798 1314 nunc
819 1274 930 1330 agmen
951 1256 1120 1330 utrumque

252 1356 351 1412 castra
370 1355 491 1429 petunt,
515 1353 686 1430 positisque
708 1356 820 1430 parant
841 1373 873 1413 se
895 1352 1052 1430 accingere
1072 1351 1206 1410 mensis:

253 1451 378 1511 Persica
397 1452 548 1527 porrectis
568 1453 665 1529 pubes
686 1452 831 1528 epulatur
851 1451 979 1511 harenis

252 1569 308 1609 axe
329 1549 387 1608 sub
407 1550 569 1623 Austrino,
594 1551 647 1610 sed
669 1550 729 1611 rivi
749 1551 783 1609 in
804 1549 945 1626 margine
966 1549 1095 1609 Parthi:

252 1653 284 1707 et
305 1648 390 1708 solus
410 1648 534 1724 genitor
554 1649 621 1708 nati
644 1668 715 1708 cum
735 1649 845 1708 funere
866 1650 971 1707 restat.

291 1749 347 1820 At,
368 1747 463 1806 tacito
485 1747 712 1824 strepitumque
731 1747 899 1806 hominum
919 1747 1079 1822 nubesque
1100 1746 1228 1806 iacentis

252 1846 383 1905 flumine
404 1865 595 1921 percurrens,
620 1866 694 1904 mox
715 1866 782 1906 sese
803 1845 837 1905 in
858 1848 964 1921 aperta
986 1845 1126 1905 locorum

252 1943 352 2002 laetus
373 1945 445 2020 egit,
468 1944 545 2004 Iove
567 1945 625 2004 sub
646 1944 757 2020 gelido,
782 1964 835 2002 rex
857 1944 942 2004 Oxus
962 1962 1122 2019 aquarum.

253 2041 393 2118 claraque
414 2042 568 2119 solivagae
588 2043 755 2119 splendens
776 2044 815 2101 ad
836 2042 957 2100 lumina
977 2040 1070 2100 lunae

252 2139 351 2199 fertur
370 2140 567 2217 Hyperborei
586 2161 641 2217 per
661 2144 750 2201 vasta
770 2139 894 2200 silentia
915 2139 1023 2215 campi

252 2237 306 2296 ille
327 2237 454 2314 quidem
474 2241 590 2299 Arctoo
611 2239 743 2298 tendens
763 2239 822 2298 iter
843 2237 954 2298 obvius
975 2240 1059 2297 astro

253 2355 326 2395 rura
345 2356 400 2413 per
420 2338 576 2413 Orguniae
600 2338 686 2414 larga
707 2336 883 2397 devolvitur
903 2337 994 2411 unda,

252 2434 366 2510 plenus
387 2435 496 2510 adhuc,
522 2456 622 2512 neque
643 2436 730 2495 enim
750 2455 877 2500 cursum
898 2454 986 2494 mora
1006 2435 1109 2493 tardat
1129 2433 1225 2493 eunti.

253 2535 322 2592 tum
342 2553 415 2593 vero
435 2533 591 2610 incipiunt
611 2535 699 2595 alveo
720 2555 913 2596 concrescere
932 2534 1074 2607 harenae,

253 2631 440 2707 dividuoque
461 2621 586 2691 obstant
606 2634 733 2693 adversa
755 2634 836 2693 mole
857 2634 984 2694 fluento.

253 2729 296 2789 sic
317 2749 373 2805 per
392 2729 451 2788 iter
471 2729 602 2807 longum
622 2731 687 2790 iam
707 2732 818 2792 debilis
839 2733 935 2808 inque
955 2730 1080 2807 peditus

252 2828 404 2904 pervade
424 2827 537 2887 limosa
558 2831 590 2887 et
610 2829 711 2889 iuncis
731 2834 764 2890 et
784 2829 961 2890 harundine
982 2830 1077 2888 densa

253 2924 353 2984 obsita
372 2925 454 3001 repit
475 2925 767 3003 iners-quantum
787 2930 928 2987 mutatus
950 2926 988 2986 ab
1009 2926 1065 2985 illo

253 3024 308 3100 qui
327 3044 427 3100 nuper
447 3025 557 3101 patriis
578 3026 694 3086 missus
715 3027 752 3086 de
774 3027 934 3086 montibus
956 3028 1042 3085 Oxus

253 3121 384 3181 lucentis
406 3124 535 3200 urgebat
555 3127 669 3200 aquas!
710 3144 795 3184 nunc
815 3125 924 3184 devius
945 3144 1029 3183 error

253 3219 341 3289 ludit,
365 3220 454 3280 mille
474 3221 542 3281 vias
562 3222 678 3281 frustra
698 3222 776 3281 dum
797 3225 931 3298 temptat
952 3221 1055 3282 eundi.

293 3319 366 3378 Mox
386 3321 493 3378 tamen
513 3321 619 3396 optato
639 3320 741 3397 pelagi
761 3340 834 3379 cum
854 3339 1024 3394 murmure,
1048 3319 1172 3395 fulgens

253 3415 414 3475 stellarum
435 3415 537 3490 radiis,
562 3416 667 3476 stellas
687 3418 780 3477 modo
801 3418 919 3477 laverat
939 3418 1031 3492 unda,

254 3531 294 3571 en
314 3514 452 3590 quaesita
472 3514 591 3590 domus,
614 3514 737 3592 requies
757 3534 793 3574 ea
813 3519 896 3575 certa
915 3516 1067 3590 laborum,

254 3613 405 3688 metaque,
429 3612 636 3689 tranquillum
656 3612 746 3689 ponti
766 3615 852 3689 patet
872 3634 986 3690 aequor
1006 3613 1120 3674 Aralis.

1130 3723 1149 3756 J.
1161 3721 1187 3755 Y.
1199 3722 1220 3758 8.

335 3910 366 3970 6*
