3052 4496
641 390 855 437 OXONIENSIS

717 943 771 985 xcl

287 1039 424 1113 I;—nec
443 1038 530 1098 enim
550 1038 666 1099 vallem
687 1041 836 1117 sedesque
857 1039 998 1100 habitare
1019 1041 1141 1118 quietas

327 1137 441 1213 dignus
461 1157 504 1213 es,
528 1140 583 1196 aut
603 1137 724 1214 placido
746 1138 829 1198 ruris
850 1139 970 1199 honere
991 1139 1073 1200 frui:

285 1235 403 1294 scilicet
423 1236 482 1295 hos
503 1235 629 1296 imbelle
650 1255 756 1312 genus,
781 1257 881 1314 neque
901 1237 1011 1297 litibus
1032 1241 1150 1315 aptum,

327 1333 448 1393 obtinet
468 1333 596 1410 antiquo
618 1334 684 1393 iure
706 1335 850 1412 fovetque
871 1335 964 1395 locos.

284 1432 336 1491 hic
357 1452 522 1493 nemorum
544 1433 646 1492 cultor
666 1432 727 1492 sibi
746 1453 818 1492 mus
839 1434 978 1510 quaesita
999 1435 1124 1512 reponit

324 1529 482 1606 providuS,
505 1528 653 1589 hibernae
674 1529 882 1608 anticipatque
902 1532 987 1591 vices
998 1555 1006 1606 ;

284 1627 335 1686 hic
357 1627 473 1703 rigidae
495 1647 628 1704 quercus
647 1627 789 1704 explorat
809 1629 920 1688 robora
940 1630 1035 1705 picus,

323 1726 497 1802 pabulaque
519 1725 554 1784 in
576 1726 654 1786 duro
676 1726 786 1786 cortice
807 1729 883 1786 nota
904 1728 1002 1803 petit3

283 1824 334 1883 hic
355 1824 424 1883 evis
446 1823 600 1899 attritum,
624 1825 701 1884 dum
721 1845 754 1884 se
775 1825 867 1884 fricat
887 1825 1003 1901 arbore,
1028 1829 1178 1888 truncum

323 1942 414 1999 saepe
434 1917 510 1982 facit
529 1922 631 1983 levem
652 1923 706 1999 qui
726 1922 814 2000 prius
834 1943 925 1999 asper
944 1927 1028 1984 erat:

282 2021 333 2080 hic
354 2023 386 2080 et
407 2021 475 2082 ovis
495 2021 579 2080 inter
599 2022 694 2080 noctu
715 2040 812 2098 vagor
832 2020 899 2098 ipse
920 2022 1032 2098 dieque
1043 2046 1051 2097 ;

322 2119 408 2196 pacis
428 2139 539 2179 amane
560 2119 629 2180 ovis
649 2122 705 2194 est,
728 2119 813 2196 pacis
834 2119 955 2180 amicus
975 2141 1042 2198 ego.

282 2239 300 2276 a
321 2218 424 2293 miser,
449 2217 597 2294 hospitiis
617 2217 709 2277 abeas
730 2217 785 2294 qui
805 2218 923 2278 talibus
943 2219 1051 2280 exsuli

321 2336 419 2393 paene
441 2319 547 2376 movet
567 2315 712 2376 lacrimas
733 2335 801 2376 sors
821 2318 884 2392 tua,
908 2319 1004 2391 taure,
1028 2338 1131 2378 meas:

282 2435 346 2474 non
367 2434 424 2491 ego
445 2414 585 2475 Tiburno
606 2417 728 2475 mutem
749 2414 887 2492 villaque
909 2416 1024 2477 Sabina

321 2514 507 2574 Caesareum
528 2533 645 2574 nomen
666 2515 892 2590 Caesareaeque
914 2515 1030 2576 demea

280 2614 312 2670 at
333 2612 393 2671 tibi
413 2631 504 2672 mens
525 2613 586 2672 alia
607 2615 673 2674 est:
700 2614 829 2673 sordent
850 2613 910 2674 tibi
930 2615 1013 2674 dona
1034 2613 1148 2691 quietis

322 2711 445 2787 otiaque
465 2713 497 2770 et
514 2711 543 2770 si
563 2711 638 2788 quid
659 2731 720 2788 pax
741 2711 837 2772 habet
856 2711 940 2775 alma
961 2713 1058 2786 boni;

281 2829 337 2868 nec
358 2808 421 2868 nisi
442 2809 662 2886 magnanimus
682 2810 798 2886 gaudes
818 2810 979 2888 victorque
999 2811 1105 2872 vocari

320 2907 470 2966 Martius:
497 2908 573 2966 haec
593 2906 690 2984 igitur
711 2927 779 2967 sors
799 2907 859 2967 tibi
880 2911 978 2969 restat
990 2909 1099 2984 ;-—abi.

280 3005 327 3064 nil
347 3025 404 3082 ego
426 3005 548 3082 curabo,
572 3005 653 3064 mihi
673 3006 750 3064 dum
771 3025 837 3065 non
857 3027 967 3066 rursus
988 3008 1120 3082 oberres,

320 3122 376 3164 seu
397 3105 515 3164 Boreae
534 3104 644 3166 venias
663 3105 781 3180 limine,
806 3104 872 3166 aive
893 3107 985 3168 Noti:

279 3202 356 3262 haec
376 3200 436 3261 tibi
457 3205 562 3262 cantat
584 3223 682 3265 ovans
703 3201 832 3263 abeunti
854 3203 951 3280 Musa,
975 3205 1114 3284 forisque

320 3299 460 3361 concutit
481 3300 560 3361 irata
581 3303 653 3378 post
674 3304 730 3362 tua
749 3304 837 3382 terga
858 3323 964 3367 manu.

1112 3418 1132 3453 J,
1145 3417 1170 3452 Α.
1184 3418 1208 3452 (ὃ.
