3052 4496
623 355 838 404 OXONIENSIS

706 572 760 613 011

320 670 355 729 K.
383 667 415 729 τί
436 667 516 748 γάρ,·
548 667 683 749 πέπηγεν
707 668 741 731 οὐ
763 668 922 748 διαρρύδαν
944 667 1062 746 μύσος,·

381 769 495 834 λέλακε
517 770 627 846 κάδων,
651 769 777 851 τοῦργον
799 771 871 834 ὥστ’
895 771 1066 853 ἐργαστέον·

383 873 480 956 ἀχλὺς
501 872 526 937 δ’
549 875 676 956 ὑφέρπει
698 873 854 955 Ταρτάρου
874 879 1099 956 μελαμβαθοῦς.

383 979 479 1055 αἰβοῖ·
508 974 607 1058 μάχης
630 976 769 1058 ἔμπειρος
791 978 855 1040 οἶον
878 979 1007 1058 ἐκφοβεῖ

384 1078 435 1145 οῦς
458 1078 492 1142 οὐ
513 1079 618 1160 τρέσαι
640 1084 686 1143 δεῖ
708 1081 813 1161 καίπερ
837 1083 950 1146 εἰδότας
973 1085 1008 1143 τὸ
1030 1085 1099 1157 πᾶν,

384 1181 566 1262 δεδράκαμεν
587 1181 645 1266 γὰρ
668 1183 724 1268 οὐχ
745 1183 903 1254 ὑπεύθυνοι
925 1186 1024 1249 πόλει.

386 1287 480 1350 καίτοι
501 1284 640 1368 γέροντος
663 1289 708 1354 τίς
731 1286 797 1351 ποτ’
818 1285 883 1373 ᾤετ’
906 1286 943 1353 ἀν
964 1289 1036 1367 βίον

384 1389 488 1476 τοσῇδ
513 1390 655 1471 ἀπορρεῖν
677 1393 801 1471 αἵματος
822 1393 1006 1473 πλημμυρίδι
1018 1417 1029 1466 ,·

321 1499 343 1558 l.
386 1491 515 1572 ἀκήκοας
537 1492 617 1568 τόδ’,·
649 1493 668 1574 ἦ
690 1499 767 1561 νοεῖς
789 1494 864 1576 ὅπερ
886 1492 967 1577 λέγει
979 1520 991 1569 ,·

321 1603 357 1660 K.
386 1597 422 1676 ἦν
444 1596 481 1676 ἦν
504 1621 557 1672 τις,
581 1596 613 1660 εῦ
635 1596 767 1674 κάτοιδα,
791 1599 939 1680 συγγόνου
962 1598 1068 1680 δάμαρ·

388 1702 433 1768 τίς
457 1699 512 1764 οἶδ’
534 1701 593 1779 ὅπη
617 1705 669 1766 νῦν
691 1701 776 1767 ἔστιν
787 1726 798 1776 ,·
831 1699 854 1764 ὦ
876 1699 972 1784 χέρες,
993 1701 1091 1784 χέρες,

386 1805 474 1867 ποίου
496 1808 647 1886 καθαρμοῦ
670 1807 773 1868 δεῖσθε
784 1829 796 1879 ,·
828 1808 895 1885 φεῦ·
925 1803 989 1885 μέν’
1012 1806 1136 1888 ἥσυχος·

386 1915 421 1972 τὸ
444 1911 505 1972 πᾶν
526 1908 691 1988 προδόσεις
714 1908 753 1974 ὡς
775 1908 867 1992 φόβῳ
891 1909 1071 1988 κινούμενος.

323 2017 345 2075 Ι.
389 2009 459 2075 ἀλλ’
481 2009 534 2075 οῦν
557 2010 672 2089 ξύνοιδε
695 2010 787 2076 δεινά·
820 2014 865 2078 τίς
886 2008 952 2076 ποτ’
974 2013 1113 2095 ἀντερεῖ,·

323 2119 362 2179 Θ.
390 2115 477 2194 ἐλεξε
501 2115 593 2190 δεινά,
616 2116 687 2179 κούκ
710 2115 896 2196 ἀπαρνοῦμαι
918 2115 953 2178 τὸ
974 2114 1026 2195 μή,

389 2219 468 2297 ἀλλ’,
491 2220 510 2283 δ
532 2217 676 2298 ξύνοιδεν,
699 2218 762 2282 οῖδε
785 2216 834 2281 καὶ
856 2225 961 2300 στυγεῖ
983 2220 1059 2285 θεός.

323 2329 359 2387 K.
387 2325 461 2387 ἰδού·
490 2323 553 2386 τόδ’
575 2324 636 2400 ὄζει
658 2324 710 2400 τῆς
734 2325 856 2404 σφαγῆς
878 2322 928 2387 ἐτ’·
958 2326 1058 2402 οἴομαι

387 2426 424 2490 τὰ
446 2426 549 2491 πολλὰ
570 2427 637 2509 μηδ’
661 2425 699 2490 ἀν
720 2424 867 2507 Ἀραβίας
890 2427 978 2505 αὐτῆς
999 2427 1076 2508 μύρα

388 2534 516 2611 σμικρὰν
539 2531 655 2607 δυσόδη
679 2527 759 2610 τήνδ’
780 2528 818 2592 ἀν
839 2529 959 2608 ἡδύνειν
980 2528 1060 2612 χέρα.

388 2640 456 2714 φεῦ·

325 2744 348 2802 Ι.
393 2739 432 2802 ὣς
455 2738 534 2801 τοῦτ’
556 2737 692 2818 ἐφευξεν·
723 2737 842 2822 ἀρότῳ
867 2739 983 2819 σφριγᾷ
1007 2735 1100 2818 κέαρ;

325 2847 363 2906 Θ.
392 2846 487 2910 εἴδους
510 2843 623 2921 ἐκείνης
646 2843 810 2922 εὐπρεποῦς
832 2868 865 2905 τε
887 2841 1026 2920 σώματος

389 2948 443 3026 τὴν
465 2947 582 3029 ἥσυχον
604 2945 690 3028 φρέν’
712 2947 762 3010 οὐκ
784 2944 822 3008 ἀν
845 2941 1006 3025 ἀλλάξαιμ’
1028 2945 1096 3026 ἐγώ.

325 3059 346 3115 1.
389 3049 461 3114 ἀλλ’
485 3050 518 3114 εῦ
539 3048 665 3131 γένοιτο·

324 3159 363 3220 Θ.
666 3157 717 3216 τοῦ
740 3157 810 3215 θεοῦ
832 3151 902 3228 τόδ’,
926 3149 949 3215 ὦ
971 3151 1070 3234 γέρον.

327 3265 348 3321 1.
392 3259 543 3340 ἀμηχανεῖ
562 3281 613 3336 μοι
635 3253 723 3334 τήνδε
745 3256 799 3334 τὴν
822 3255 915 3318 νόσον
936 3254 1036 3337 τέχνη·

390 3361 486 3424 καίτοι
508 3357 631 3422 κάτοιδα
652 3357 720 3424 τοῦς
741 3359 825 3444 ὕπνῳ
848 3357 1020 3440 πλαγκτοῦς
1041 3356 1137 3421 πάλαι

391 3465 586 3545 εῦθνησίμους
607 3460 674 3526 ποτ’
697 3463 730 3526 ἐν
752 3461 834 3526 τέλει
855 3463 1039 3543 βεβηκότας.

1059 3579 1082 3614 Ε.
1096 3579 1122 3613 D·
1136 3579 1160 3612 Δ.
1174 3577 1203 3611 Ι.
