3010 4494
617 391 832 441 OXONIENSIS

696 833 754 876 XVI

359 933 420 996 Οὐκ
442 932 581 1012 αἰσχρόν,
604 927 627 992 ὦ
651 935 799 1010 γυναῖκες,
822 929 963 1009 ὀμμάτων
990 930 1050 993 ἄπο

359 1035 465 1098 τοιαῦτ’
491 1035 614 1114 ἀφεῖναι
639 1035 758 1113 καρδίας
782 1031 948 1111 τοξεύματα
959 1058 970 1107 ,·

358 1139 465 1220 ἄνδρας
488 1134 513 1199 τ’
535 1138 623 1201 ἀνιῶν
646 1135 876 1216 εὐμενεστάτους
897 1140 1016 1218 βροτῶν

358 1243 493 1315 άνακτας,
515 1242 594 1319 ὑμῶν
618 1243 703 1319 οἵπερ
726 1237 787 1305 είσὶ
811 1241 914 1321 κύριοι.

359 1345 410 1408 οὐκ
431 1345 500 1408 ίστε
522 1344 558 1423 δὴ
580 1345 615 1408 τὸ
638 1343 751 1410 κάλλος
773 1346 838 1408 οἶον
861 1342 965 1428 ἐξαμᾷ,

359 1449 449 1514 οὕτως
472 1449 553 1514 ὅπως
576 1454 709 1526 λειμῶνα
731 1449 898 1512 δάπτουσιν
922 1447 1038 1530 πάγοις

359 1551 427 1618 νέας
451 1552 484 1615 δὲ
505 1552 648 1632 βλάστας
671 1551 780 1630 άνεμος
804 1553 842 1618 ὣς
865 1557 976 1636 συγχεῖ
997 1549 1097 1633 φέρων

360 1651 408 1718 καὶ
430 1660 519 1718 τοῦτο
542 1655 605 1734 λὰξ
624 1655 757 1734 ποτητὸν
779 1654 918 1720 εὔκλειαν
940 1656 1036 1736 φέρει.

360 1759 473 1841 οὐγὰρ
496 1759 650 1839 προσῆκόν
673 1763 758 1824 ἐστιν
782 1759 842 1823 οὐδ’
864 1757 908 1836 ἄρ’
933 1755 1066 1840 εὐφιλὲς·

361 1862 539 1942 θυμούμεναι
561 1861 619 1945 γάρ
643 1859 736 1942 ἔσμεν
760 1863 799 1929 ῶς
823 1861 976 1942 κυκωμένη

360 1965 440 2049 πηγὴ
462 1973 610 2050 γυναῖκες,
632 1968 776 2050 βορβόρῳ
798 1965 964 2048 μεμιγμένη

361 2075 394 2132 τὸ
415 2069 490 2153 μήτε
512 2075 619 2152 γεῦσαι
642 2072 716 2148 μηδὲ
739 2069 843 2152 δίψιόν
866 2093 933 2132 τινα

360 2171 428 2252 μήτ’
449 2173 578 2252 ἀξιῶσαι
601 2175 742 2258 χείλεσιν
765 2178 861 2255 θιγεῖν
879 2171 990 2253 άκροις.

360 2281 423 2342 πῶς
445 2277 479 2341 οὐ
501 2279 620 2343 πόσεως
642 2277 699 2361 χρὴ
723 2277 843 2340 δούλιον
866 2274 972 2357 φέρειν
996 2275 1106 2356 ζυγόυ,·

362 2379 440 2460 ἄναξ
459 2382 493 2448 ὅς
514 2383 580 2444 ἔστι
604 2381 701 2462 κύριός
723 2405 756 2443 τε
778 2380 917 2461 σώματος

363 2483 469 2564 φύλαξ
487 2484 512 2548 τ’
537 2483 590 2566 ἀφ’
612 2485 647 2548 οὗ
669 2484 704 2564 δὴ
726 2488 785 2550 πῶς
809 2486 976 2565 θπαρτῶται
998 2483 1078 2562 βίος·

363 2587 394 2654 δς
417 2587 537 2668 κήδεται
560 2592 616 2652 σοῶ
638 2590 690 2664 τῆς
712 2613 744 2653 τε
768 2591 824 2666 σῆς
847 2591 961 2669 τροφῆς
984 2584 1032 2650 ἀεὶ

364 2690 536 2756 καὶπολλὰ
557 2695 612 2775 μὲν
634 2693 674 2777 γῇ
696 2695 801 2755 πολλὰ
823 2691 849 2754 δ’
871 2691 908 2755 αὖ
931 2692 1043 2756 πόντου
1066 2691 1150 2774 σάλῳ

363 2797 466 2862 νυκτός
488 2797 595 2861 τεκαὶ
618 2795 680 2860 κατ’
705 2795 783 2878 ἦμαρ
807 2794 947 2874 ἐξαυτλεῖ
970 2797 1046 2858 κακὰ

363 2903 456 2981 ῥιγῶν
477 2906 580 2964 πονῶν
602 2920 644 2964 τε·
675 2903 727 2963 τοῦ
750 2897 862 2983 χάριν,·
894 2899 992 2979 δόμων
1014 2898 1076 2962 ἔσω

365 3003 444 3069 ὅπως
466 3003 505 3066 σὺ
528 3003 613 3090 ναίης
633 3008 796 3082 μαλθακῶς
818 3001 998 3084 ἐστρωμένη·

366 3106 429 3170 ἀνθ’
452 3109 493 3171 ῶν
516 3109 637 3171 ἀπαιτεῖ
658 3111 769 3187 μισθδυ
792 3106 879 3170 οὐδὲν
901 3105 981 3168 ἄλλο
1004 3105 1085 3183 πλὴν

367 3210 467 3291 ἔρωτα,
489 3215 619 3292 φαιδρὸν
642 3212 721 3292 ὄμμα
744 3207 793 3274 καί
816 3209 1002 3292 πειθαρχίαν·

366 3312 404 3378 ῶς
427 3315 493 3378 ἀντὶ
516 3314 637 3394 παύρων
659 3313 762 3376 πολλὰ
786 3314 957 3394 κερδαίνεις,
980 3313 1044 3393 ὅρα.

1144 3427 1170 3469 ο.
1182 3427 1203 3463 τ.
