3052 4496
636 355 851 404 OXONIENSIS

684 621 806 662 Lxxx1v

335 711 445 774 Σκόπει
469 711 501 773 δὲ
525 711 573 774 καὶ
596 711 667 784 τόδ’,
692 711 794 795 ὦγάθ’
825 714 858 781 ἐκ
882 711 996 794 θρόνων
1018 714 1069 793 ἐμὲ

333 819 431 879 δεινὸν
453 813 507 895 μέν
529 817 614 880 ἔστιν
637 818 776 880 ἐκπεσεῖν
799 816 942 892 ἀναίτιον,

331 923 366 981 τδ
390 916 415 981 δ’
438 919 606 983 ἐκπεσόντα
629 921 799 1002 Μορτιμῆρι
823 919 878 998 τὴν
901 920 976 1000 ἐμὴν

331 1021 427 1105 ἀρχὴν
450 1027 595 1108 προεῖναι,
616 1023 706 1086 τοῦτό
727 1022 754 1104 γ’
779 1024 913 1107 ἀγχόνης
936 1025 1039 1090 πέλας.

333 1125 465 1190 τοιοῖσδέ
487 1151 534 1189 τοι
557 1132 609 1191 νῦν
632 1128 666 1191 έν
689 1131 789 1193 κακοῖς
810 1127 967 1210 ἀμηχανῶ·

332 1229 369 1293 τὰ
392 1227 418 1292 δ’
440 1231 472 1292 ἐκ
496 1233 572 1295 θεῶν
594 1230 744 1312 ταχθέντα
766 1235 812 1294 δεῖ
834 1232 974 1312 στέργειν
996 1231 1086 1310 ὅμως.

332 1333 371 1396 ἴθ’
394 1333 447 1396 οιῖν
469 1333 571 1414 φέρων
592 1335 647 1410 μὲν
669 1335 826 1414 βασιλέως
848 1340 982 1417 χρυσοῦν
1003 1336 1102 1418 γέρας,

334 1436 434 1517 φέρων
457 1437 490 1500 δὲ
511 1437 621 1516 βίοτον
643 1442 728 1500 τοῖνδε
752 1438 1002 1516 συνθανονμένου.

334 1643 446 1725 ἄρχειν,
469 1642 584 1724 κλύοιμ’
608 1644 645 1709 διν
667 1643 770 1728 μέχρις
793 1645 940 1726 εὐφρόνης
962 1643 1041 1726 ἀναξ

336 1745 375 1812 ὡς
398 1749 604 1830 καλλιφεγγὲς
628 1749 730 1812 εἰσίδω
754 1748 886 1830 στέφους
909 1750 1012 1815 σέλας.

335 1851 410 1914 οὕτω
432 1851 490 1932 γὰρ
513 1853 721 1933 ὀφθαλμοῖσιν
743 1851 874 1930 ὑστάτην
897 1854 987 1935 χάριν

335 1953 418 2036 ἔχειν
439 1954 597 2037 παρέσται,
621 1954 670 2019 καὶ
694 1953 768 2040 κάρᾳ
790 1955 825 2019 τδ
846 1956 997 2032 λοίσθιον,

334 2057 417 2121 ὅσων
438 2058 584 2138 προσήκει
607 2057 744 2144 κοιράνῳ,
765 2057 856 2140 γέρας
879 2065 998 2138 λαβεῖν,

335 2161 450 2243 ἀμφοῖν
471 2163 495 2226 δ’
520 2161 569 2242 ἀμ’
592 2165 694 2227 αὐτοῖν
716 2164 846 2226 εἰκαθεῖν
869 2169 929 2226 τῶν
952 2159 1117 2244 φιλτάτων.

335 2261 358 2327 ῖι
381 2265 483 2345 λάμπε
506 2267 623 2346 Φοίβου
645 2273 709 2331 δῖον
731 2269 852 2334 αίανοΰς
876 2265 979 2344 σέλας,

335 2373 439 2436 νυκτὸς
462 2373 604 2458 σκοτεινῷ
625 2369 733 2450 μήποτ’
758 2370 883 2452 ἐκχόιρει
907 2370 1001 2454 ζόφῳ·

336 2472 467 2556 φρούρας
489 2499 523 2538 τε
545 2474 692 2539 κυκλάδας
714 2475 807 2550 τῆσδε
828 2477 884 2555 γῆς
907 2471 1066 2539 ἀπεννέπω

336 2577 411 2658 ὥρας
434 2603 467 2640 τε
490 2577 590 2643 πόσας
611 2575 711 2658 μηκέτ’
735 2576 886 2661 ἐκτρέχειν
908 2579 1044 2658 δρόμους,

337 2678 375 2745 ὡς
397 2679 435 2746 δν
458 2687 596 2759 καλῶμαι
618 2684 712 2759 τῆσδε
734 2683 788 2763 γῆς
810 2679 890 2760 ἅναξ
909 2681 963 2746 ἔτι.

338 2784 424 2863 οίμοι,
447 2785 478 2847 τί
499 2789 590 2847 ταῦτα
613 2785 693 2865 φημί
704 2809 715 2859 ,·
746 2792 810 2850 πῶς
832 2787 889 2867 γὰρ
912 2785 946 2847 οὐ
968 2784 1045 2867 τάχα

338 2891 371 2949 τδ
393 2879 590 2952 λευκόπωλον
610 2886 688 2969 ἦμαρ
711 2886 932 2970 έξαφίσταται,·

338 2995 400 3056 πῶς
423 2992 446 3056 δ’
470 2991 521 3055 οὐκ
545 2989 657 3073 ἀνάγκη
680 2991 774 3056 τῶνδέ
795 2989 824 3068 μ’
849 2992 991 3068 ἐκστῆναι
1015 2989 1150 3069 θρόνων;

338 3091 360 3156 ἀι
384 3098 474 3176 θηρὸς
496 3094 576 3172 ὠμοῦ
600 3092 750 3175 θρέμματ’,
774 3093 826 3156 οὐκ
850 3094 965 3176 ἀνδρῶν
988 3091 1054 3173 ἀρα,

338 3197 478 3275 σκύμνοις
500 3198 623 3276 λεαίνης
645 3197 811 3277 σύντροφοι
834 3194 1028 3278 θηλαστρίας,

338 3302 369 3364 τί
388 3298 451 3378 δῆτ’
474 3300 598 3366 ἀνακτος
622 3300 793 3378 ἀνατροπὴν
814 3300 947 3362 ἀναιτίαν

340 3408 536 3483 καραδοκεῖτε,
558 3402 696 3484 σκῆπτρά
718 3401 744 3464 τ’
766 3399 1009 3480 ἀποθανουμένου
1021 3426 1032 3476 ,·

339 3504 468 3588 καὶμὴν
491 3505 605 3588 στέφος
628 3503 690 3569 τόδ’
713 3505 797 3572 αὖθις
819 3503 957 3584 ένστήσω
980 3504 1063 3590 κάρᾳ.

1111 3621 1131 3655 J·
1144 3620 1170 3653 A·
1183 3619 1216 3655 W·
