3004 4520
596 353 811 400 OXONIENSIS
889 390 891 394 .

652 853 754 894 omn

338 948 390 1028 Μή
411 975 462 1028 μοι
484 950 589 1032 λόγοις
612 953 778 1033 ψυχροῖσιν
800 947 838 1028 ἣν
860 950 921 1031 ἔχω
945 955 1054 1031 φρενὸς

338 1050 463 1131 εἰκάζεθ’
486 1051 588 1136 ὁρμήν·
617 1054 651 1117 οῦ
672 1053 826 1135 γυναικεία
847 1052 929 1137 μάχη

339 1157 405 1228 οὐδὲ
427 1157 598 1239 στομάργου
622 1159 762 1238 πικρότης
784 1157 1005 1239 γλωσσαλγίας

338 1263 424 1340 δίκην
445 1260 609 1342 βραβεύειν
631 1259 697 1339 άξία
720 1259 882 1342 γενήσεται

339 1365 394 1442 τὴν
416 1369 468 1428 νῦν
491 1366 523 1427 ἓν
545 1364 624 1445 ἡμῖν·
648 1364 687 1431 ὡς
711 1365 827 1442 ζέοντος
849 1367 972 1444 αἵματος

340 1475 477 1547 τομῶντα
499 1473 592 1548 θυμὸν
615 1470 761 1548 ἐκβολαῖς
785 1467 894 1532 ίατέον.

341 1571 411 1634 ἀλλ’
434 1573 468 1634 οὐ
489 1571 547 1653 γάρ
570 1575 630 1652 εἰμι
654 1573 756 1655 πρᾷος,
781 1571 852 1634 ὥστ’
877 1573 966 1654 ὀργῆς
990 1572 1060 1634 άνευ

341 1681 436 1740 κακῶς
460 1676 591 1740 ἀκούσας
613 1677 705 1753 μηδὲν
727 1676 886 1738 ἀντειπεῖν·
917 1671 982 1738 ἐπεὶ

341 1781 368 1841 εἰ
391 1781 446 1856 σῆς
469 1777 518 1842 ὑπ’
542 1781 643 1844 αἰδοῦς
664 1779 705 1857 μὴ
729 1779 919 1859 κατειχόμην,
942 1777 1028 1857 ἄναξ,

340 1881 463 1963 λόγοισι
482 1880 507 1944 δ’
530 1879 601 1960 ἐξῆν
622 1881 709 1960 ἡνίας
732 1884 917 1962 ἐλευθεροῦν,

342 1982 492 2063 πλήθουσ’
514 1983 552 2047 ἂν
576 1986 653 2066 ἔρρει
676 1990 816 2067 γλῦσσα,
841 1983 990 2048 κᾶδιώκετ’
1015 1983 1052 2047 ἂν

343 2085 387 2154 δὶς
409 2088 521 2167 μείζον’
544 2089 629 2154 οὗτος
652 2089 686 2167 ἧς
710 2090 768 2169 ἐγὼ
793 2088 894 2171 φεύγω
917 2086 1048 2170 γραφήν.

343 2197 396 2256 νῦν
419 2192 443 2255 δ’
467 2193 590 2268 αίματός
612 2217 662 2271 μοι
686 2193 767 2270 πλὴν
790 2194 865 2256 ὅσον
888 2197 1061 2274 τυραννικοῦ

344 2296 478 2376 πέφυκεν
500 2296 574 2376 ἀνὴρ
597 2297 637 2379 τῷ
656 2295 682 2358 δ’
697 2295 801 2359 ἄνακτι
824 2294 983 2377 συγγενής,
1069 2356 1072 2364 ,

343 2400 490 2464 ἀπέπτυσ’
514 2400 611 2474 αὐτόν,
634 2406 724 2480 μῖσος
747 2401 891 2481 ἔχθιστον
914 2407 1004 2475 καλῶ,

344 2505 456 2579 δειλόν,
479 2508 657 2584 πανοῦργον,
680 2502 827 2581 διάβολον
848 2503 1008 2586 μιάστορα·

346 2606 393 2670 καὶ
416 2607 512 2670 τοῖσδ’
535 2608 624 2686 ὁμοῖά
646 2606 675 2690 γ’
698 2608 787 2671 αὐτὸν
810 2607 951 2673 ἀντιστὰς
974 2605 1037 2688 δορὶ

344 2714 417 2791 δριῖν
441 2710 496 2790 εἶμ’
521 2715 648 2791 ἑτοῖμος,
672 2713 714 2777 είς
738 2709 763 2775 δ’
785 2711 823 2775 ἂν
846 2710 911 2775 ἀντὶ
934 2713 1085 2775 πλειόνων

346 2816 543 2895 ἕναντιοίμην,
567 2818 613 2878 κεί
635 2814 696 2878 δέοι
718 2815 749 2894 μ’
772 2817 941 2897 ὁδοιπορεῖν

347 2915 650 2996 κρυσταλλοπήκτους
669 2916 813 2982 Ἀλπεων
835 2918 947 3000 πάγους
971 2918 1032 2994 ἔπι,

346 3017 364 3098 ἢ
387 3025 476 3102 γαῖαν
498 3020 597 3099 άλλην
620 3025 648 3085 εἴ
669 3022 724 3084 τιν’
748 3019 932 3101 άξενιυτέραν

347 3131 483 3204 τολμῶσι
505 3126 560 3205 γῆς
581 3124 666 3201 τῆσδ’
687 3125 790 3205 ἄνδρες
814 3127 944 3206 ἐμβῆναι
967 3127 1047 3189 ποδί·

347 3229 399 3304 τῆς
422 3234 497 3308 πρὸς
520 3230 556 3290 σὲ
579 3226 604 3291 δ’
626 3231 655 3292 εί
674 3228 704 3307 μ’
727 3229 773 3307 ἄρ’
796 3230 919 3310 ἐγκαλεῖ
941 3232 1080 3306 πίστεως,
1103 3228 1188 3306 άναξ,

348 3332 440 3397 οὕτως
465 3331 590 3411 ὀναίμην
614 3334 736 3406 θεοῖσιν,
760 3332 797 3398 ὡς
820 3333 916 3414 ψευδῆ
937 3333 1032 3416 λέγει.

1116 3452 1141 3485 Α.
1154 3451 1180 3485 1).
1193 3452 1218 3484 G.
