3004 4520
614 353 828 402 OXONIENSIS

677 717 764 758 cnvn

262 831 294 888 rt
314 828 415 888 tristis
435 829 503 889 sine
523 850 597 891 voce
619 830 705 890 viam
724 833 852 907 totaque
873 829 1030 908 repulsum

261 954 366 1012 mente
386 955 501 1015 movet.
546 953 591 1013 sic
611 974 644 1014 se
665 954 795 1028 solitum
815 953 1009 1014 successibus
1028 953 1085 1028 uu

262 1076 387 1137 vincere
407 1078 458 1137 cui
478 1098 612 1154 pronum
633 1097 762 1155 semper,
787 1078 849 1138 iam
871 1078 949 1137 ferre
970 1077 1091 1153 puellae

263 1201 363 1278 iurgia
384 1200 582 1278 derisumque
603 1204 635 1260 et
656 1202 753 1278 spreti
773 1201 890 1261 vulnus
911 1201 1052 1260 amoris?

265 1325 485 1385 unanimemne
506 1329 538 1386 et
558 1325 705 1403 quiante
728 1344 837 1386 omnes
858 1324 919 1384 sibi
939 1323 1021 1389 fidus
1041 1323 1178 1384 amicum

264 1448 398 1509 illusisse
419 1449 523 1524 fidem,
547 1452 674 1526 pactum
695 1452 894 1510 contemnere
915 1448 1051 1509 foedus?

265 1573 380 1648 grande
401 1574 495 1648 nefas,
520 1593 577 1632 nec
595 1573 660 1632 iam
680 1572 831 1632 mediocri
850 1573 912 1631 bile
933 1571 1106 1632 ferendum.

265 1697 308 1756 sic
329 1696 375 1756 ira
395 1701 560 1774 spumante
581 1697 719 1756 fremens
740 1696 825 1756 iecur
845 1696 910 1755 ibat
930 1696 965 1754 in
985 1694 1090 1755 armis.

265 1824 296 1878 et
316 1841 439 1880 secum:
470 1822 557 1879 ‘mea
578 1819 669 1896 culpa
689 1819 816 1896 quidem
837 1822 893 1895 est,
916 1819 1078 1881 vaecordia
1098 1819 1225 1896 quando

266 1947 374 2003 nostra
393 1943 462 2004 fuir.
508 1943 583 2020 quid
603 1943 689 2003 enim
710 1946 802 2003 vetus
822 1947 854 2003 et
874 1963 939 2004 non
960 1945 1061 2004 factus
1081 1943 1190 2017 amori,

266 2067 359 2143 inque
379 2066 528 2143 paludato
549 2066 659 2127 doctus
680 2085 840 2127 canescere
861 2068 958 2142 coetu,

266 2193 440 2250 castrorum
460 2189 559 2248 vitam
579 2192 672 2266 etque
694 2209 802 2248 omnes
823 2191 969 2266 expertus
990 2189 1024 2248 in
1045 2207 1128 2263 usus,

266 2313 442 2391 virginibus
462 2313 587 2384 teneris,
599 2332 650 2371 me
671 2313 793 2373 credere
814 2312 943 2373 tetricus
964 2312 1091 2372 ausim?

267 2457 378 2497 verum
399 2439 435 2496 ut
454 2437 523 2495 erat
542 2435 647 2494 somni
667 2435 734 2495 sine
755 2435 892 2511 pondere
913 2435 1018 2495 euntis
1038 2435 1152 2513 imago,

266 2562 310 2621 sic
331 2561 429 2636 abeat,
452 2559 497 2619 sic
518 2559 607 2619 cedat
627 2579 731 2618 amor:
754 2579 828 2618 nam
848 2559 996 2620 flosculus
1017 2558 1094 2618 clim

268 2685 323 2761 qui
343 2684 411 2760 fuit,
435 2683 487 2742 hic
508 2683 592 2742 idem
612 2685 661 2743 est
680 2683 799 2743 abiecta
819 2683 913 2744 vilior
933 2683 1035 2758 herbe,

269 2810 412 2885 cogeret
431 2827 471 2868 ex
490 2807 597 2866 animo
616 2806 745 2866 vulsum
766 2806 920 2867 radicibus
941 2806 1014 2865 imis

268 2933 414 3010 proicere.
451 2931 526 2991 hinc
546 2951 604 3009 ego
624 2931 689 2991 iam
710 2932 851 3006 superest
872 2931 955 3007 quod
974 2930 1080 2990 vivere
1102 2929 1196 2990 Marti

269 3077 319 3117 me
340 3056 461 3131 dedero,
484 3055 599 3133 pugnis
618 3055 754 3130 flagrans
773 3057 806 3115 et
826 3074 931 3114 amore
951 3053 1080 3129 pericli’

270 3181 314 3240 sic
334 3179 459 3239 tristem
478 3178 639 3238 fortunam
660 3166 775 3252 animo,
799 3177 843 3236 sic
865 3196 954 3253 saepe
975 3175 1132 3253 repulsam

270 3303 371 3365 volvit
391 3321 509 3376 amans,
534 3321 589 3361 seu
609 3301 677 3361 luce
697 3301 783 3361 viam
803 3302 897 3375 tenet,
921 3301 977 3359 aut
996 3298 1052 3360 ubi
1072 3301 1166 3360 noctu

270 3427 412 3487 membra
431 3425 599 3486 reclinatus
619 3424 709 3485 silvis
728 3425 856 3484 arbusta
876 3423 1005 3484 notabat

272 3550 443 3628 suspiciens
464 3550 618 3626 longoque
639 3548 786 3608 abeuntia
805 3546 907 3608 sidera
928 3546 1020 3608 ceelo.

1140 3662 1163 3697 Β.
1178 3664 1199 3696 Ε.
