3010 4494
609 350 823 397 OXONIENSIS

661 935 663 942 Ι
692 882 740 922 v11

245 976 316 1036 Nec
338 995 468 1036 scaenae
489 977 596 1037 nocuit
616 997 714 1054 prava
734 979 810 1037 haec
832 976 992 1038 comoedia
1012 978 1155 1051 tantum;

247 1075 445 1150 scriptorum
465 1075 593 1152 iugenio
614 1075 736 1136 nocuit:
766 1075 842 1152 quin
862 1075 957 1134 noxia
977 1095 1080 1135 mores

250 1173 364 1232 iniecit
384 1175 518 1234 nostros.
562 1177 691 1250 patruae
713 1174 786 1233 hinc
807 1174 890 1233 mala
911 1173 1012 1232 taedia
1033 1173 1174 1250 linguae:

254 1268 380 1331 ‘fabula
393 1271 460 1332 vita
474 1271 642 1356 hominum
658 1273 726 1347 est‚’
744 1271 842 1345 aiunt,
861 1271 1036 1331 ‘comoedia
1051 1273 1120 1332 lena
1130 1275 1214 1332 est’:

251 1370 299 1428 sic
320 1369 448 1445 sapiunt
467 1373 604 1446 patruos,
629 1369 710 1429 lauti
730 1369 864 1446 salsique
885 1370 1033 1429 videntur

251 1487 322 1526 8888
344 1467 404 1526 81101
424 1468 599 1545 populoque
621 1469 752 1545 placent,
778 1488 857 1544 quos
878 1469 916 1526 ad
937 1487 1019 1527 nova
1039 1469 1124 1528 vires

252 1565 406 1625 deficiunt
425 1567 579 1642 fingenda.
623 1586 744 1642 parum,
769 1587 830 1643 qua
851 1566 956 1626 vivere
976 1566 1076 1626 vitam

252 1684 392 1740 aequum
412 1664 454 1723 sit
475 1664 601 1739 ratione,
623 1664 749 1725 vident:
778 1667 899 1726 semota
920 1665 1058 1724 ferarum

253 1784 272 1822 a
293 1762 361 1822 vita
381 1765 413 1820 81
433 1763 526 1839 longo
548 1763 691 1823 nondum
711 1763 850 1840 perculta
870 1763 975 1822 labore

251 1861 322 1920 vita
341 1861 507 1921 hominum
526 1862 585 1920 hos
604 1861 749 1921 homines
767 1882 863 1939 quam
881 1861 922 1920 811
939 1861 1075 1937 pretiosa
1094 1861 1212 1920 fefellit.

252 1961 332 2019 haec
353 1979 417 2018 non
437 1960 556 2019 morosi
575 1963 718 2019 tantum:
746 1960 837 2020 molli
857 1959 1028 2035 timidoque

252 2058 444 2134 quicumque
465 2061 513 2117 est
533 2058 647 2133 anime,
671 2059 777 2132 credit,
802 2078 876 2118 mox
897 2058 977 2116 seria
999 2057 1100 2116 ducit:

253 2176 332 2215 nam
354 2159 467 2232 quotus
488 2158 545 2230 est,
570 2157 668 2216 oculis
689 2157 744 2233 qui
764 2156 881 2215 circum
903 2155 1059 2214 adstantia
1080 2156 1172 2214 rectis

253 2255 393 2330 aspiciat,
418 2243 533 2331 quotus
553 2256 586 2314 81
606 2255 709 2315 suevit
730 2252 917 2331 perpendere
940 2273 1077 2330 quaeque

253 2355 345 2413 lance
364 2356 448 2413 sua?
479 2374 536 2413 nec
556 2354 650 2428 enim,
675 2354 799 2428 scimus,
824 2352 982 2412 comoedia
1002 2352 1068 2412 vita
1088 2355 1144 2424 est,

253 2453 310 2512 sed
331 2452 475 2511 lacrimas
496 2452 592 2512 habet
611 2456 643 2511 81
664 2452 753 2526 risus,
778 2472 835 2510 nec
856 2454 947 2527 turpe
969 2450 1079 2510 Thalia

252 2551 403 2610 exodium
423 2549 549 2610 tantum
570 2550 669 2627 fingit.
714 2551 777 2609 sedv
789 2552 877 2609 vecta
897 2570 952 2625 per
973 2569 1089 2625 aequor

252 2649 376 2726 pulpita
396 2649 543 2725 pestifero
564 2649 713 2708 lustravit
733 2669 798 2708 non
818 2667 876 2707 sua
895 2667 1004 2724 gressu

252 2747 361 2806 fabula
382 2748 580 2820 Graecorum,
605 2747 691 2806 flexit
712 2766 807 2823 quam
827 2746 945 2805 insulsa
966 2766 1102 2822 propago

253 2847 290 2903 in
311 2845 399 2920 peius
416 2844 612 2921 similemque
634 2844 694 2904 sibi
714 2844 829 2904 lasciva
851 2844 999 2920 poposcit.

254 2964 331 3003 mox
352 2944 434 3002 faece
455 2944 615 3016 exhausta,
640 2945 745 3003 motus
765 2943 873 3002 edocta
895 2943 1029 3017 decoros,

253 3041 392 3118 plurima
412 3041 550 3101 ridendis
572 3041 734 3101 coniunxit
756 3042 864 3115 taedia,
890 3041 988 3101 nodos

254 3141 341 3216 idem
362 3159 434 3198 cum
455 3158 578 3216 semper
598 3139 713 3199 vindex
735 3140 853 3198 laxaret
874 3140 1008 3200 eosdem.

255 3258 323 3297 non
342 3237 459 3296 etenim
480 3240 534 3296 aut
556 3257 683 3314 operam
703 3237 836 3314 scriptor
857 3237 942 3297 dedit
963 3241 1016 3298 aut
1038 3259 1094 3299 sua
1116 3239 1206 3299 fortis

253 3338 380 3411 pectora
401 3335 558 3396 concussit
579 3337 671 3395 rebus
692 3336 822 3395 fecunda
843 3337 1005 3400 novandis.

1074 3445 1107 3478 W·
1117 3445 1140 3480 B.
1152 3445 1180 3477 H.
