3004 4520
617 351 832 400 OXONIENSIS

672 956 757 997 cxxx

222 1053 257 1110 K.
289 1051 382 1115 Γόους
405 1051 439 1116 ἔα
462 1049 512 1115 καὶ
535 1056 632 1135 χαῖρε·
664 1052 918 1133 κεροτυπούμενος

285 1162 513 1248 ἑκατογκαράνιρ
536 1161 679 1248 κνωδάλιρ
702 1163 891 1243 μεθίσταμαι·

285 1279 342 1337 ποῦ
365 1273 391 1339 δ’
412 1277 489 1355 ἔστί,
510 1280 612 1357 μῆτερ,
634 1275 652 1355 ἡ
676 1275 795 1358 πάροιθ’
819 1276 957 1359 εὐψυχία,

284 1383 303 1472 ᾗ
326 1387 443 1468 πρόσθε
465 1387 606 1467 βάσανον
628 1386 757 1470 τᾶσχατ’
779 1387 912 1466 ηὕδησας
935 1394 1064 1470 φρενῶν,

283 1499 414 1580 τυχόντα
435 1499 503 1564 τοὺς
525 1500 671 1581 τυχόντας
695 1499 868 1580 ἀνθρώπους
892 1500 1005 1581 φέρειν,

286 1611 340 1674 κᾶν
363 1636 408 1675 τοι
431 1609 549 1697 γαλήνῃ
572 1609 671 1674 πάντα
693 1608 867 1692 πρυμνήτην
889 1614 1000 1690 σοφόν·

284 1725 311 1787 εί
333 1721 359 1787 δ’
381 1725 414 1786 ἐκ
437 1721 530 1804 τύχης
552 1748 599 1788 τις
621 1722 740 1804 καιρίαν
762 1720 958 1801 βεβλημένος

283 1839 405 1915 πληγὴν
427 1835 531 1898 ἔπειτα
552 1836 628 1913 μηδὲ
650 1831 698 1898 καὶ
722 1831 905 1915 τετρωμένος

283 1945 468 2029 έξηγρίωται,
491 1951 580 2010 τοῦτο
601 1946 740 2028 γενναίας
763 1945 881 2028 τέχνης·

283 2063 416 2122 τοσαῦτα
438 2057 463 2121 δ’
487 2059 588 2136 ὕμνεις
611 2057 686 2139 πρὸς
708 2061 820 2140 φρενὸς
843 2055 1029 2121 κατάστασιν
1098 2121 1100 2128 ,

282 2169 364 2250 ὥστ’,
388 2173 416 2234 εί
437 2169 528 2248 μάθοι
550 2194 605 2249 τις,
628 2175 742 2235 παντὸς
764 2168 802 2233 ἀν
825 2174 944 2250 κρατεῖν
967 2175 1067 2233 κακοῦ.

217 2287 250 2344 Γ.
278 2282 400 2362 ἧταΰτ’
423 2281 547 2360 ἀκούετ’,
571 2279 594 2345 ἀι
619 2286 695 2346 θεῶν
719 2281 841 2360 ὁμιλία;

217 2399 252 2456 K.
284 2393 430 2476 στέργειν,
452 2393 548 2476 γύναι,
572 2391 642 2476 χρή,
664 2397 740 2473 μηδὲ
762 2397 925 2458 λυπεῖσθαι
947 2395 1026 2458 λίαν.

217 2509 261 2567 Μ.
289 2505 358 2568 ἀλλ’
383 2503 635 2587 έγκατασκήψασ’
658 2506 808 2570 ἀϊστόσαι
831 2505 923 2570 νόσος

281 2618 357 2682 ὅσας
379 2642 424 2683 τις
447 2618 537 2682 ἀσκεῖ
559 2615 633 2680 κατὰ
654 2619 747 2682 πόλιν
769 2617 966 2700 χειρουργίας.

217 2732 252 2790 Κ.
281 2727 349 2791 εἶεν·
381 2730 474 2808 φίλος
496 2728 553 2810 γὰρ
577 2730 610 2793 οὐ
632 2730 736 2811 παρὼν
758 2726 937 2809 γενήσομαι.

281 2839 350 2902 ἀλλ’
375 2841 445 2918 είθε,
467 2843 568 2922 μῆτερ,
592 2840 672 2905 ταῦτ’
696 2840 779 2924 ἔχοις
803 2839 981 2922 φρονήματα

282 2953 331 3015 καὶ
354 2949 471 3031 πρόσθ’,
494 2951 537 3014 ὅτ’
561 2952 666 3035 ἔλεγες
689 2952 805 3016 εἴπαθ’
827 2948 1014 3032 Ἡρακλέους
1038 2949 1133 3032 δάμαρ

280 3062 359 3143 ἦσθ’,
383 3063 489 3144 ἀνδρὸς
514 3065 651 3128 ἐκπονεῖν
674 3062 711 3126 ἀν
733 3062 770 3141 ἓξ
789 3066 897 3141 τλῆναι
920 3063 1028 3128 πόνους

276 3175 315 3238 ἵν’
337 3174 426 3240 αὐτὸς
449 3173 551 3253 ἧσσον
576 3173 730 3253 ἀπέκαμεν
751 3178 874 3257 μοχθῶν
896 3173 997 3239 τόσον.

1085 3293 1110 3330 G.
1122 3293 1143 3328 Ι.
1156 3294 1181 3328 R.
