3010 4494
645 362 859 410 OXONIENSIS

712 637 792 678 xxvr

334 732 384 792 Sic
404 731 455 808 ait,
480 731 639 793 arridens:
667 733 814 810 plausum
834 731 1102 810 ingeminavimus
1122 730 1200 807 ipsi:

293 877 324 933 at
343 892 439 950 parva
459 874 598 950 ingentis
619 873 726 934 Ultrix
747 873 904 950 procurrit
925 873 959 932 in
979 874 1080 933 hostis

291 1033 344 1088 per
363 1013 544 1090 mediosque
566 1013 646 1074 ruit:
668 1013 719 1073 cui
740 1015 867 1074 centum
887 1014 927 1074 ad
947 1017 1086 1075 transtra
1107 1013 1227 1074 sodales

292 1155 383 1228 stant,
407 1153 492 1214 avidi
513 1126 653 1214 conferre
674 1174 816 1230 manum,
840 1174 911 1231 pars
933 1157 1034 1214 cetera
1055 1154 1088 1214 in
1111 1155 1199 1215 alveo

293 1312 381 1370 aegra
401 1293 488 1354 iacet
533 1293 653 1354 circum
674 1294 783 1354 dextra
803 1293 951 1370 laevaque
974 1295 1154 1370 frequentes

291 1433 419 1493 hostiles
440 1433 563 1494 inhiare
584 1437 674 1494 rates.
716 1455 773 1512 per
793 1435 940 1512 aplustra,
964 1456 1020 1513 per
1040 1435 1142 1495 undas

292 1573 433 1648 protinus
452 1575 521 1650 ipsa
542 1575 613 1651 ruit,
637 1574 828 1654 moliturque
849 1575 983 1652 impigra
1004 1595 1139 1636 cursum.

292 1721 447 1798 plurimus
466 1723 576 1784 irridet
596 1724 688 1783 miles
710 1725 747 1785 de
768 1725 925 1802 puppibus
946 1725 1028 1785 altis.

293 1867 448 1942 plurimus
469 1868 579 1928 audaci
600 1869 739 1932 convicia
759 1872 857 1930 nauta
876 1870 1004 1947 phaselo

292 2011 421 2089 ingerit:
450 2012 505 2072 illa
525 2013 618 2090 subit,
643 2033 708 2073 non
728 2014 902 2074 enarrabile
924 2015 1013 2075 eunti

293 2157 368 2216 dum
388 2157 472 2216 latus
492 2157 670 2236 aeriamque
691 2158 820 2235 opponit
841 2158 953 2236 Caspia
973 2159 1098 2236 molem,

293 2299 409 2360 montis
430 2320 514 2378 opus,
540 2302 591 2361 cui
610 2303 780 2379 multiplici
800 2302 990 2363 creberrima
1008 2323 1103 2366 versu
1179 2368 1182 2373 ,

293 2443 438 2503 machina
458 2444 568 2504 Martis
587 2445 665 2506 hiat.
709 2445 924 2524 superingruit
943 2447 1006 2523 illa,
1031 2467 1089 2508 nec
1110 2449 1194 2509 ultra

294 2587 361 2646 vela
381 2591 473 2648 notos
494 2589 626 2666 implere
647 2591 741 2652 sinit:
769 2591 856 2652 stetit
878 2611 1011 2671 aequore
1031 2593 1130 2654 navis

333 2732 380 2791 Ac
400 2733 502 2793 veluti
522 2733 630 2809 nubes,
654 2735 749 2794 Pater
769 2735 851 2795 unde
873 2736 1018 2795 sonantia
1038 2737 1132 2814 longe

293 2876 354 2936 tela
373 2876 486 2936 iterare
506 2880 604 2955 parat,
629 2878 673 2938 sic
694 2899 752 2938 nos
773 2899 868 2958 super
888 2881 1091 2958 impendebat

294 3022 410 3099 Caspia.
455 3025 488 3083 at
507 3022 618 3082 hostili
638 3043 757 3101 puppes
778 3045 795 3084 e
816 3025 914 3084 classe
935 3028 1112 3102 quaternae,

295 3167 401 3228 dextra
422 3169 501 3228 duae
521 3169 606 3243 ratis,
630 3169 802 3246 emergunt,
826 3169 1022 3246 totidemque
1043 3171 1171 3232 sinistra

293 3331 426 3390 aequora
446 3313 574 3374 sortitae
585 3336 593 3389 ;
620 3314 781 3393 prorisque
802 3334 820 3374 a
841 3317 990 3392 quattuor
1011 3314 1095 3374 idem

292 3454 433 3530 prorupit
453 3454 558 3532 fragor
579 3474 614 3514 ac
635 3455 722 3514 rauci
741 3474 802 3515 vox
823 3454 924 3514 ferrea
945 3455 1064 3516 Martis.

333 3598 397 3658 Nec
418 3601 526 3658 tamen
545 3597 614 3676 ipsa
635 3599 690 3659 diu
710 3617 841 3659 vesanae
863 3600 973 3676 Caspia
992 3619 1115 3678 pugnae

294 3742 430 3807 suffecit:
457 3746 547 3804 tanta
567 3713 749 3821 turgescunt
769 3743 887 3804 viscera
908 3747 1013 3820 peste:
