3052 4496
631 370 848 420 OXONIENSIS

719 551 759 592 GV

278 640 303 699 Ο
325 658 421 715 quam
441 639 545 699 forma
565 640 645 699 solet
665 639 834 701 formosior
855 639 911 698 illa
930 639 1033 700 videri

318 737 369 796 cui
389 738 483 797 decus
503 737 633 798 accessit
655 737 739 814 quod
760 738 847 798 dabit
867 757 931 797 una
951 738 1048 798 fides!

276 835 379 895 forma
398 854 487 895 rosae
507 835 639 911 pulchra
659 837 714 910 est,
739 838 772 895 at
791 835 953 912 pulchrior
973 855 1039 896 esse
1059 837 1190 912 putatur

318 953 394 992 aura
415 932 499 1008 quod
519 933 553 992 in
574 933 677 993 medio
697 932 779 993 vivit
801 933 896 993 odora
917 932 998 994 sinu.

210 1027 215 1037 ’
276 1031 424 1092 flosculus
444 1031 479 1090 in
499 1031 597 1107 pratis
618 1033 706 1091 tanto
727 1032 891 1108 splendore
912 1033 1048 1092 rubescit

317 1131 454 1206 quantus
475 1129 639 1190 odoriferis
658 1132 707 1189 est
728 1130 813 1190 color
834 1129 887 1189 ille
909 1130 989 1190 rosis
1000 1151 1008 1205 ;

276 1228 408 1303 pensilis
428 1227 463 1287 in
484 1227 574 1304 spina
593 1228 698 1304 simili,
723 1228 847 1289 lascivit
867 1230 903 1288 ut
924 1229 996 1288 illae

318 1347 390 1386 cum
411 1327 540 1404 zephyri
560 1326 688 1386 timidas
709 1326 794 1386 elicit
815 1347 891 1386 aura
912 1347 1025 1387 comas.

277 1424 339 1500 sed,
363 1425 480 1501 species
501 1427 635 1500 tantum,
660 1427 783 1501 spretus
804 1425 954 1501 floretque
977 1425 1128 1502 caditque,

317 1523 442 1598 labitur,
466 1526 499 1583 at
519 1543 613 1583 nemo
634 1523 744 1583 tollere
767 1526 855 1583 curat
875 1524 994 1598 humo:

278 1642 343 1682 non
363 1641 399 1681 ea
419 1622 457 1681 fit
477 1623 591 1680 natura
610 1621 698 1697 rosis,
723 1621 924 1681 dulcissimus
944 1641 1028 1681 unus

317 1720 457 1780 nascitur
476 1740 515 1779 ex
535 1719 600 1779 illis
620 1739 694 1780 cum
713 1719 893 1780 moriuntur
914 1720 999 1780 odor.

277 1819 321 1879 sio
341 1819 408 1894 tibi,
434 1819 523 1879 dulce
544 1820 644 1895 caput,
670 1819 746 1878 dum
766 1819 884 1904 lormae
905 1818 1005 1895 gloria
1024 1821 1151 1893 marcet,

318 1920 378 1977 stat
399 1917 473 1977 fidei
493 1917 584 1977 testis
603 1916 717 1994 pagina
737 1919 845 1976 nostra
865 1918 945 1976 tuae.

1104 2027 1130 2063 A.
1143 2026 1164 2062 Τ.
1179 2027 1203 2061 Β.

733 2201 786 2242 CVI

279 2298 444 2359 Desierant
463 2299 597 2358 imbres:
619 2300 705 2358 vatos
725 2317 781 2374 per
801 2298 898 2356 strata
918 2295 1043 2356 viarum

318 2405 450 2466 excessit
469 2406 563 2466 urbe:
584 2405 698 2464 leniter
718 2424 793 2465 aura
813 2406 898 2481 tepet
917 2403 1048 2464 veniens

278 2512 388 2572 limine
408 2512 447 2574 ab
467 2513 541 2588 Eoo,
565 2533 621 2590 per
640 2513 782 2588 flavaque
803 2511 958 2571 messibus
980 2529 1054 2570 arva

316 2620 455 2680 undabat
475 2619 588 2680 umbra
608 2619 793 2696 multiplex:
812 2618 866 2677 ille
889 2618 957 2677 loco
977 2636 1076 2678 vacuo

276 2725 391 2786 assidet
410 2727 442 2785 et
463 2745 589 2785 carmen
609 2729 676 2784 tam
697 2724 786 2785 suavi
807 2743 881 2784 voce
901 2722 1072 2801 profundit,

317 2834 457 2891 moretur
477 2833 513 2891 ut
533 2850 649 2909 cycnus
669 2831 779 2891 volans
800 2829 949 2901 aemulus,
974 2829 1075 2905 adque
1095 2828 1188 2904 pedes

278 2937 378 2998 dulcis
398 2938 508 2998 alauda
529 2939 635 2997 cadat:
657 2957 713 2996 nec
734 2937 798 2995 iam
819 2939 955 2996 sectatur
974 2935 1111 2995 hirundo

315 3064 388 3121 apos
407 3047 444 3103 ut
465 3046 555 3104 ante:
577 3043 636 3104 sub
656 3044 750 3103 rubos
771 3043 859 3120 lapsa
879 3042 1007 3102 colubra
1026 3042 1115 3116 latet,

276 3154 307 3212 et
328 3152 433 3227 stupet
453 3150 599 3228 accipiter
618 3150 748 3226 praedae
768 3148 915 3226 lanugine
935 3151 1074 3208 rostrum

315 3257 465 3333 imbutus,
488 3257 668 3317 auscultans
688 3256 804 3317 melos:
825 3256 895 3314 tum
916 3255 1093 3315 Philomela
1114 3254 1194 3315 sibi:

275 3364 448 3440 permultos
469 3364 567 3423 cecini
588 3367 707 3437 cantus,
731 3383 843 3423 verum
864 3363 1009 3424 omnibus
1030 3362 1090 3423 iste

315 3474 363 3530 est
383 3469 495 3530 laetior
514 3471 617 3531 modis
637 3470 733 3530 meis:
761 3469 951 3529 vaticinatur
971 3470 1057 3529 enim

276 3577 417 3653 tempora
436 3577 571 3637 labentis
593 3597 670 3654 quae
692 3575 757 3637 sint
777 3579 910 3636 ventura
929 3596 984 3652 per
1005 3595 1112 3652 annos,

315 3681 366 3742 his
387 3684 480 3743 rebus
500 3683 615 3744 exactis
636 3682 733 3742 simul
754 3683 853 3743 saecla
873 3684 973 3743 fluent
992 3682 1114 3743 melius.

1101 3793 1127 3827 A.
1139 3793 1169 3828 Η.
1181 3793 1204 3826 0.
