3010 4494
610 369 825 419 OXONIENSIS

687 810 737 850 ΧΠ

248 898 314 965 ‘Os
336 900 427 981 φίλος
450 900 608 966 ἀθανάτοις
630 900 754 966 πέλεται
776 906 867 986 γενεᾷ
889 928 923 968 τε
945 909 1072 984 τροφαῖς
1094 931 1136 979 τε,

303 1002 405 1066 οὔποθ’
427 1004 445 1066 ό
466 1003 495 1086 γ’
517 1004 668 1090 ἀλλοτρίῳ
690 1003 802 1084 λήματι
824 1010 930 1072 δοῦλος
953 1007 1020 1087 ἐφυ·

256 1107 364 1170 ἀσπίδι
386 1107 412 1171 δ’
435 1108 557 1191 οὐδεμιᾷ
579 1112 687 1190 χρῆται
710 1109 791 1187 πλὴν
813 1111 972 1191 φροντίσιν
994 1111 1104 1192 ὀρθαῖς,

302 1209 371 1275 οίιδὲ
391 1210 501 1296 τέχνην
522 1213 612 1275 ἀσκεῖ
630 1213 711 1291 πλὴν
732 1215 770 1277 τὰ
791 1215 890 1277 δίκαια
910 1213 1022 1296 λέγειν.

257 1313 329 1379 οὐδὲ
350 1315 493 1396 τύραννον
515 1317 580 1399 ἔχει
601 1319 705 1400 ψυχῆς
727 1317 871 1382 ἔντοσθεν
893 1319 997 1400 ἔρωτα·

303 1417 378 1502 ᾅδην
398 1415 424 1482 δ’
446 1419 481 1481 ού
501 1419 605 1486 δεδιὼς
627 1419 722 1500 ἠρέμα
744 1420 944 1505 προσδέχεται

256 1521 335 1586 αῑέν·
369 1523 434 1586 ἐπεὶ
458 1524 555 1588 κεῖνόν
577 1522 606 1604 γ’
628 1523 708 1590 οὔτις
731 1522 903 1605 προσέδησε
922 1525 1049 1606 μέριμνα

301 1626 342 1712 τῷ
360 1627 455 1710 βιότῳ
479 1633 605 1691 πολλῶν
628 1624 687 1691 οὔτ’
708 1628 822 1708 ὀλίγων
844 1627 961 1709 φάτιος.

257 1730 319 1793 οὐδ’
342 1731 474 1796 ὁπόσους
496 1755 528 1794 τε
550 1730 625 1813 τύχη
647 1729 797 1812 μεγάλους
820 1728 868 1794 καὶ
891 1733 989 1812 τόλμα
1012 1732 1176 1814 προσαύξει

305 1834 391 1912 ζηλοῖ
411 1833 595 1914 ἐπιβλέψας,
617 1832 677 1896 οὐδ’
701 1833 811 1915 ἔμαθέν
831 1859 868 1917 γε
889 1837 993 1898 παθὼν

258 1939 299 2004 ὥς
322 1936 388 2000 ποτ’
410 1939 599 2004 ἐπαινοῦντες
620 1938 738 2017 λόβαις
762 1938 921 2003 πλείσταις
945 1937 1108 2004 ἐκάκωσαν·

302 2042 336 2105 ἐν
358 2044 391 2105 δὲ
412 2042 568 2107 πολιτείας
590 2041 668 2107 εἶδος
692 2041 759 2124 ἄγει
781 2041 816 2106 τδ
839 2043 942 2106 καλόν.

259 2145 345 2211 οὗτος
368 2143 560 2223 ἀπήλλακται
582 2145 729 2228 γλώσσης
751 2143 944 2225 βλάπτοντος
968 2147 1084 2225 ἑταίρου

304 2249 447 2330 εὐσεβίας
471 2250 578 2334 ἐχυρὸν
600 2249 808 2331 κρησφύγετον
830 2249 974 2333 κατέχων,

258 2353 406 2435 οὔτεγὰρ
430 2353 462 2417 εδ
483 2351 598 2433 πράξας
619 2353 691 2433 βίον
713 2351 751 2415 δν
774 2352 913 2416 θότεσσι
935 2351 1088 2437 παράσχοι

304 2457 371 2522 οὔτε
393 2458 496 2521 πεσὼν
517 2458 604 2537 ὕβρει
626 2461 729 2538 καιρὸν
751 2457 857 2520 ἐνόντα
878 2457 972 2520 λίποι.

258 2561 384 2641 δαίμονα
407 2561 442 2639 δὴ
465 2561 570 2626 νύκτας
593 2586 626 2625 τε
649 2558 697 2624 καὶ
719 2559 817 2640 ἤματα
839 2559 927 2624 πάνθ’
951 2562 1073 2627 ἱκετεύει

304 2667 425 2748 ἐρμαίου
447 2664 589 2748 πρότερον
612 2670 682 2729 νοῖιν
705 2663 814 2744 ἀρετήν
836 2690 869 2728 τε
891 2670 1002 2748 πορεῖν,

261 2773 294 2832 ἐν
316 2769 341 2832 δ’
365 2771 466 2834 ἀσινεῖ
483 2770 579 2854 βιότῳ
601 2768 712 2850 διάγων
736 2766 811 2848 ἦμαρ
834 2766 1017 2848 πανάμωμον

303 2870 322 2951 ἢ
345 2874 438 2954 φίλον
460 2869 478 2951 ἢ
500 2874 618 2953 βίβλον
641 2871 775 2952 σώφρον’
798 2872 976 2952 ἐταιρίσατο.

261 2976 372 3057 θάρσος
394 2977 566 3055 ἐλευθερίαν
587 3001 619 3040 τε
642 2974 739 3054 νέμων
762 2975 796 3038 οὗ
818 2980 931 3054 δεσμὸν
953 2974 1069 3057 ἐπέγνω

306 3081 428 3146 ἐλπίδος
451 3079 590 3160 αἰρούσης
612 3080 760 3161 ἀργαλέου
781 3104 814 3142 τε
836 3077 946 3157 φόβου·

263 3186 317 3264 γῆς
337 3187 392 3261 μὲν
413 3184 535 3264 ἄμοιρος
558 3185 616 3246 ἐὼν
637 3183 787 3262 βασιλεὺς
809 3183 898 3245 αὑτοῦ
919 3207 957 3264 γε
977 3181 1136 3266 πέφανται,

308 3291 418 3370 κλῆρον
440 3289 464 3351 δ’
488 3289 624 3372 ἐσχηκὼς
644 3286 767 3367 μηδένα,
791 3286 877 3351 πάντ’
899 3284 945 3368 ἄρ’
968 3288 1042 3372 ἔχει.

1123 3407 1147 3441 L.
1160 3407 1182 3441 0·
