3010 4494
623 354 837 401 OXONIENSIS

690 532 767 572 xmv

315 617 354 680 Τί
375 618 437 696 δῆτ’
459 619 515 701 ἐρῶ
539 618 618 683 τοῦδ’
631 644 641 692 ,·
672 621 704 682 αἱ
726 623 785 701 γὰρ
803 616 959 696 Ἕλληνες
983 619 1068 697 κόραι

316 717 430 797 ἀνδρῶν
453 718 571 800 ε’ρῶσιν·
602 716 683 780 ἀλλὰ
706 717 825 799 πατρίδ’
847 717 899 780 οὐκ
923 719 994 800 ἔχω,

317 817 410 903 δούλῃ
433 819 490 899 γὰρ
513 815 598 882 οὐδέν
621 819 688 881 ἐστι
711 817 793 896 πλήν
816 821 936 898 δεσμῶν
956 816 1059 897 μόνον,

318 916 348 977 ἓν
372 917 417 982 οἶς
439 915 585 997 μέγιστον
606 915 700 999 ἄχθος
722 916 851 998 ἡγοῦμαι
874 915 951 990 τόδε,

316 1019 350 1078 τδ
372 1017 459 1078 τοῦδε
482 1020 731 1095 καταφρονοῦσαν
753 1015 822 1078 ἀλλ’
847 1015 926 1092 ὅμως
950 1016 1029 1094 epau.

317 1112 386 1175 ἀλλ’
410 1112 525 1196 οὐγὰρ
547 1112 585 1177 δν
607 1115 727 1192 θέλοιμι
750 1113 827 1177 τοῦτ’
850 1115 953 1178 ἄλλως
977 1114 1069 1196 ἔχειν,

317 1211 487 1292 φανήσεται
510 1213 579 1296 γάρ,
602 1213 637 1276 οὐ
660 1218 773 1294 μακροῦ
796 1214 907 1296 χρόνον
929 1211 1030 1294 τριβή,

318 1312 418 1391 φίλων
439 1314 579 1394 χατίζων,
603 1312 664 1378 οὐδ’
687 1313 730 1377 ἔθ’
755 1313 877 1396 εὑρήσει
900 1313 1017 1394 φίλους.

318 1412 362 1474 κεῖ
384 1414 439 1490 μὲν
463 1414 581 1493 θρόνοις
603 1414 716 1476 ἔπαισα
738 1413 817 1477 τόνδ’
840 1413 994 1492 ἐφήμενον

319 1509 487 1575 κόλλιστον
509 1514 598 1592 ἔργον
621 1511 657 1592 ήν
680 1511 717 1576 δν
739 1511 985 1596 ἐξειργασμένον,

317 1614 351 1670 τὸ
375 1608 399 1673 δ’
424 1610 461 1673 αὖ
483 1615 646 1692 προδοῦναι
670 1615 723 1677 νῦν
745 1611 782 1675 δι’
807 1613 955 1695 αἰσχύνης
977 1612 1047 1695 ἔχω’

319 1707 379 1771 οὔτ’
402 1708 453 1772 οὖν
476 1711 653 1790 προλείπειν
675 1710 742 1774 οὔτε
763 1717 903 1793 τιμωρεῖν
924 1712 1009 1791 ἔφυν.

318 1809 367 1871 καὶ
390 1807 425 1886 δή
450 1808 575 1871 σέσωκα
597 1815 713 1888 τοῦτον,
737 1807 782 1891 ἆρ’
806 1812 835 1876 ἐς
859 1812 988 1890 ὕστερον

317 1911 437 1983 μᾶλλον
459 1906 584 1987 φιλήσω
610 1907 680 1990 σφ’,·
707 1909 852 1989 οὐδαμῶς·
878 1909 952 1988 ἐμήν
977 1911 1032 1987 μὲν
1055 1907 1107 1971 οὖν

318 2006 422 2088 ψυχήν
444 2007 589 2086 τροτίσω·
619 2007 678 2091 χρὴ
700 2007 766 2088 γάρ,
790 2007 829 2073 ὧς
852 2007 1040 2091 αἰσχύνομαι

319 2109 371 2167 τοῦ
394 2106 588 2187 θηλυμόρφου
611 2108 689 2170 τοῦδ’
715 2109 814 2187 ε’ρῶσα
837 2108 1003 2187 βορβόρου.

1083 2207 1112 2241 Η.
1126 2207 1158 2239 W.
1178 2207 1202 2240 Θ.

706 2339 768 2379 xiv

315 2425 348 2484 Si
371 2446 434 2485 non
456 2426 603 2486 aetheriis
624 2426 790 2502 prudentia
811 2426 904 2486 fluxit
925 2427 964 2486 ab
984 2426 1077 2486 astris

358 2523 422 2583 ulla
443 2523 532 2598 mihi,
558 2524 751 2601 astrologum
771 2544 822 2584 me
843 2527 949 2584 tamen
969 2545 1036 2584 esse
1057 2544 1134 2584 reor.

315 2642 379 2681 non
399 2623 545 2700 equidem
566 2624 642 2683 novi
663 2623 706 2683 sit
726 2643 795 2683 sors
815 2624 905 2698 bona,
930 2642 1034 2697 necne,
1058 2624 1173 2696 future,

313 2781 316 2794 ,
358 2741 398 2780 en
419 2722 497 2796 sitis,
522 2742 562 2781 an
583 2722 687 2797 sobrie,
713 2723 851 2798 eandida,
876 2742 981 2796 necne,
1006 2722 1080 2783 dies·

317 2840 381 2879 non
402 2840 459 2898 ego
480 2821 650 2880 momentis
671 2841 729 2880 sua
749 2822 815 2880 fata
836 2820 1017 2882 volantibus
1037 2821 1104 2894 edo,

358 2919 433 2996 quid
453 2919 575 2979 tonitru
597 2923 652 2979 aut
671 2921 793 2994 ventus,
820 2919 934 2996 quidve
955 2919 1095 2978 minetur
1115 2919 1226 2979 hiems,

317 3037 382 3076 non
401 3037 459 3094 ego
479 3017 634 3077 vaticinor
655 3038 717 3094 quo
737 3020 841 3077 vertat
861 3017 987 3094 regibus
1009 3037 1118 3093 annus,

357 3135 447 3192 saepe
468 3116 654 3193 requirendo
676 3115 813 3192 praescia
834 3115 924 3192 signs
944 3115 1016 3192 poli.

318 3233 355 3272 ex
376 3213 474 3274 oculis
494 3234 564 3273 mea
585 3219 697 3274 cuncta
718 3215 783 3274 tuis
803 3214 971 3290 prudentia
991 3214 1091 3290 fluxit,

358 3332 408 3372 ars
429 3332 499 3372 mea
519 3315 595 3372 sunt
616 3313 706 3389 oculi,
732 3313 834 3372 sidera
856 3315 948 3388 certa,
972 3313 1028 3374 tui

318 3410 389 3470 inde
410 3410 480 3488 lego
501 3411 574 3471 fidei
594 3415 627 3471 et
647 3412 766 3471 formae
789 3432 866 3489 quae
888 3411 1023 3472 destinet
1044 3416 1135 3486 aetas,

361 3510 445 3568 haud
467 3509 525 3568 tibi
546 3510 599 3568 sed
621 3510 728 3586 generi
750 3509 778 3568 si
799 3511 956 3570 studuisse
976 3510 1063 3570 velis.

321 3607 466 3682 nolueris,
492 3609 529 3667 de
550 3612 642 3686 teque
662 3608 722 3668 hoe
743 3628 897 3686 augur0r3
925 3609 992 3685 ipse
1011 3607 1134 3684 peribis,

360 3709 392 3766 et
411 3707 530 3782 periere
551 3706 607 3766 illo
628 3707 730 3767 forma
750 3708 886 3784 fidesque
909 3707 967 3767 die.

729 3793 734 3804 ⁵
1107 3802 1131 3835 A.
1149 3799 1168 3834 Γ.
1180 3799 1205 3833 Β.
