3052 4496
632 365 847 415 OXONIENSIS

705 632 773 673 LVII

280 726 447 787 anmleae
467 728 604 805 pendent
623 728 828 806 prasinaeque
848 748 904 804 per
924 726 1005 787 atria
1024 728 1144 787 vestes:

280 833 332 893 hic
352 834 479 894 radians
498 837 616 896 aestate
636 835 703 895 dies
721 835 843 895 intexta
863 834 995 909 videtur,

280 942 471 1018 venatcrque
491 942 692 1017 pharetratus
712 943 796 1003 canit
817 962 870 1002 ore
891 941 1028 1002 tumenti

280 1066 379 1107 cornu
393 1068 526 1109 curvum
539 1049 663 1110 inflans.
708 1049 785 1108 haec
802 1048 893 1126 nigro
912 1067 1021 1108 scaena
1035 1047 1148 1108 rubere
1161 1049 1228 1121 est3

280 1156 398 1214 tractus
418 1154 615 1230 harenarum,
639 1154 705 1216 sela
726 1158 758 1215 et
777 1155 943 1232 spatiantis
963 1155 997 1214 in
1017 1154 1073 1214 illc

281 1260 381 1320 forma
400 1261 469 1336 viri,
494 1281 551 1321 ceu
571 1262 624 1339 qui
644 1265 728 1322 terra
747 1262 892 1339 nigrante
912 1263 1032 1320 teneret

281 1385 403 1442 semper
422 1368 490 1443 iter,
516 1368 592 1427 dum
613 1387 729 1446 magna
748 1369 813 1428 ime
833 1367 926 1429 rubet
946 1368 1070 1428 aethere
1091 1367 1174 1427 luna.

280 1467 369 1540 parte
390 1465 451 1525 alia
470 1466 606 1526 fractum
627 1466 705 1527 litus
724 1466 870 1544 pulsique
890 1466 1017 1527 videtur

281 1572 325 1630 ira
345 1573 462 1647 maris;
490 1573 596 1633 credas
616 1574 731 1634 fluctus
752 1573 859 1634 audire
880 1572 1020 1634 cadentis

280 1678 496 1756 surgentisque
516 1699 620 1740 meras
641 1682 758 1755 contra,
780 1679 929 1758 fusosque
948 1680 1070 1757 fragore

280 1784 438 1846 horrcndo
458 1787 557 1847 vastis
576 1789 708 1848 ventosa
727 1787 762 1846 in
785 1789 873 1847 caute
894 1787 1044 1847 cavernis.

279 1891 331 1952 hic
352 1892 482 1969 plenum
502 1893 608 1954 videas
629 1913 756 1954 amnem
776 1913 872 1954 curvo
893 1893 1018 1971 agmine
1038 1893 1121 1953 lente

280 1998 333 2074 ire,
358 2019 414 2076 per
434 2000 597 2061 immensis
618 2003 760 2061 armenta
781 1999 941 2078 sequentia
961 1999 1096 2076 eampis3

280 2108 414 2166 serratos
435 2126 489 2167 cra
509 2108 634 2168 nimbos
654 2108 789 2183 pendere
809 2093 961 2167 minantis

280 2213 418 2290 desuper,
442 2233 477 2273 ac
497 2213 592 2305 radiis
612 2213 748 2274 imbrem
768 2214 953 2274 descendere
975 2213 1084 2292 longis

281 2320 333 2380 hic
353 2340 473 2382 messor
494 2321 612 2381 siccum
633 2323 755 2382 exercet
775 2321 834 2382 sub
851 2321 916 2382 sele
936 2322 1083 2396 laborem,

280 2426 314 2486 in
335 2427 440 2488 medio
461 2430 524 2488 stat
543 2429 649 2489 vincta
671 2428 785 2504 Ocres3
812 2429 921 2505 procul
942 2429 1025 2489 edita
1045 2429 1137 2506 longe

280 2536 363 2594 terra
384 2535 445 2595 clei
463 2536 596 2596 fecunda
616 2535 696 2596 iacet
717 2539 866 2614 canatque
888 2538 946 2597 sub
966 2536 1059 2597 auris.

280 2642 331 2702 hic
351 2662 370 2702 a
389 2643 493 2704 fronte
514 2643 642 2721 nigrant
663 2643 792 2704 disiecta
812 2664 886 2704 saxa
906 2644 1007 2717 ruina,

280 2751 349 2808 turn
368 2749 505 2826 scopulis
525 2749 641 2811 acclive
660 2751 779 2829 iugum,
803 2753 875 2827 post
895 2751 1012 2810 eminet
1033 2749 1094 2808 alte

279 2858 364 2916 torta
382 2856 466 2916 nube
488 2856 596 2916 albens
617 2858 722 2917 cautes
742 2856 894 2932 nimbosa,
918 2855 1068 2932 nivesque

279 2967 421 3024 aeternae
441 2966 591 3040 superant
610 2967 643 3024 et
663 2965 746 3023 tacta
766 2962 928 3024 cacumina
948 2961 1093 3022 flammis

279 3074 366 3146 parte
387 3070 449 3130 alia
469 3071 583 3131 domus
602 3069 737 3148 Anglica
757 3072 843 3144 erat;
871 3067 1014 3128 canentia
1034 3067 1179 3127 lambunt

279 3176 401 3237 lumina
421 3176 557 3237 rorantis
577 3177 691 3253 ulmos,
714 3175 855 3237 rorantia
874 3178 983 3251 prata3

279 3304 344 3344 non
365 3284 446 3360 repit
465 3286 532 3344 tam
553 3284 641 3344 dulce
663 3303 776 3359 s0p0r;
803 3303 860 3342 sua
880 3281 991 3358 cuique
1011 3282 1152 3359 supellex

279 3390 362 3451 iusta
382 3391 470 3467 leco;
497 3391 603 3451 sedem
625 3409 735 3450 noscas
756 3390 838 3450 hanc
860 3387 943 3466 pacis
963 3389 1072 3450 avitae.

1106 3501 1132 3533 A.
1145 3499 1168 3536 Τ.
1179 3499 1202 3533 Β.
