3004 4520
586 375 800 424 OXONIENSIS

634 529 746 570 cxxxn

326 593 426 670 Οῖμοι·

327 693 376 759 καὶ
398 695 433 774 δὴ
458 698 559 758 θανεῖν
579 691 610 774 μ’
632 692 737 772 ἔταξας
759 696 816 757 ὦδε
839 693 896 756 σὺν
918 691 1013 774 τάχει,

271 805 273 810 '
328 796 350 862 ὦ
375 803 491 877 δαῖμον,
512 797 592 876 ἥβης
616 797 642 861 δ’
665 799 698 861 ἔν
719 796 838 888 μέτροις
860 799 918 860 ὑπὸ
940 801 1050 878 χθονὸς

329 903 429 967 εύλαῖς
453 906 587 964 συνεῖναι
611 903 660 964 καὶ
683 901 788 986 σαπρῷ
808 903 902 984 ψύχει
925 901 1045 976 σκότου,

329 1007 426 1090 στενῷ
448 1005 473 1067 τ’
497 1005 615 1081 ἔνερθεν
637 1005 868 1086 ἐγκατεζεῦχθαι
892 1006 991 1080 κύτει;

330 1109 368 1174 ὡς
390 1107 459 1189 μήθ’
482 1110 554 1190 ὁρῖιν
576 1135 612 1190 γε
635 1112 764 1189 φαιδρὸν
786 1107 875 1186 ἡλίου
898 1107 984 1188 φάος,

328 1210 396 1290 μήτ’
421 1209 532 1292 εὖφρον
554 1210 638 1277 αὖθις
661 1209 783 1292 φθέγμιί
804 1236 857 1274 του
882 1211 999 1288 ζώντων
1021 1211 1065 1274 ἔτι

330 1315 459 1394 ἔμπνουν
482 1314 611 1392 ἀκούειν,
634 1313 701 1395 μηδ’
725 1314 778 1395 ἀφ’
800 1314 918 1397 ἡσύχου
941 1318 1031 1379 ποδὸς

331 1419 413 1504 ἔχειν
436 1417 576 1496 συνήθεις
599 1417 769 1498 φροντίδων
791 1416 987 1499 ἐπιστροφάς,

329 1520 435 1604 πικρὰς
456 1524 512 1600 μὲν
534 1522 609 1595 οῖδα,
631 1521 729 1585 πάντα
753 1520 777 1585 δ’
801 1523 826 1584 εἰ
851 1519 1035 1601 στερήσομαι

330 1624 447 1708 ἄλγιον,
470 1626 512 1690 εἰς
534 1624 568 1687 τδ
591 1627 683 1703 μηδὲν
705 1622 743 1702 ἢν
765 1627 860 1702 μόλω·
887 1625 917 1687 τί
937 1625 988 1687 δαί
998 1649 1010 1698 ,·

332 1734 365 1790 τδ
387 1729 479 1806 μηδὲν
502 1725 520 1806 ἢ
543 1727 573 1790 τί
593 1731 689 1804 δῆτα,·
721 1733 777 1792 ποῖ
796 1733 914 1809 φρενῶν
937 1728 1039 1806 ἔβην,·

332 1831 484 1914 σύγγνωθι
506 1830 543 1912 δ’,
565 1829 588 1895 ὦ
612 1837 679 1909 Ζεῦ,
701 1832 775 1910 μηδὲ
796 1832 954 1912 μαινοίμην
977 1831 1013 1912 γε’
1033 1857 1091 1909 πω,

331 1933 430 2015 μάται’
453 1936 566 2022 ἐχούσῃ
590 1935 703 2017 δείματ’
727 1937 756 1999 εί
776 1937 806 1998 τί
828 1962 891 2001 πως
915 1937 978 2000 ἐκεῖ

332 2039 372 2117 μὴ
396 2045 477 2120 γαῖα,
500 2039 540 2118 μὴ
565 2040 641 2117 θεός,
664 2041 739 2118 μηδὲ
762 2041 912 2121 δαιμόνων
934 2039 1027 2119 ἕδραι,

331 2142 399 2223 μηδ’
422 2141 501 2207 ἄλλο
523 2142 625 2223 μηδέν,Ι
644 2143 725 2223 πλὴν
746 2145 941 2222 μελαμβαθὲς
965 2142 1084 2223 κνέφας,

332 2247 450 2327 ἔρημον,
474 2249 647 2328 ἀψόφητον,
670 2245 835 2311 άστειπτον
857 2253 989 2329 βροτοῖς·

332 2353 369 2414 τδ
391 2352 490 2415 πάντα
512 2351 537 2416 δ’
560 2353 586 2414 εί
609 2348 718 2432 γένοιτ’
741 2349 909 2433 ἀλάστορος
932 2355 1042 2432 πατρὸς

331 2455 447 2535 μίμημ’,
471 2455 586 2519 ἐκείνου
608 2454 634 2518 δ’
657 2456 739 2533 ὄμμα
763 2451 810 2517 καὶ
833 2455 1014 2536 περιπτυχαί

333 2563 443 2641 χειρῶν
466 2560 580 2622 ἐκείνου
602 2557 734 2640 γλῶσσά
756 2558 779 2621 τ’
805 2559 925 2639 ἔμπαίοι
949 2558 1047 2639 φρενί,

334 2663 379 2727 οῖς
402 2661 471 2738 ξεῖν’
496 2661 629 2745 ἔνῴκουν,
653 2664 680 2724 εἰ
701 2661 764 2726 τάδ’
788 2661 824 2740 ἦν
847 2663 914 2740 ζωή·
944 2663 976 2726 τί
994 2659 1051 2743 γάρ
1063 2685 1075 2734 ,·

334 2766 361 2828 εἰ
383 2765 407 2828 δ’
431 2765 494 2829 αὖτ’
517 2767 662 2845 ἔπελθύν,
684 2767 815 2846 ἐμφερὴς
838 2763 917 2850 αὐτῷ
938 2764 1019 2842 σκιά,

333 2870 450 2949 ῥυτίδας
473 2869 575 2948 ὁμοῖος
597 2869 650 2934 τάς
673 2895 706 2934 τε
728 2868 882 2956 λευκήρεις
906 2871 1017 2951 τρίχας,

334 2973 408 3052 ὅπερ
428 2972 458 3053 μ’
482 2975 576 3054 ἔτειρε
599 2974 706 3050 ζῶντος
729 2971 948 3052 ἔξεσταλμένος

334 3078 492 3156 μόρφωμα,
513 3076 642 3159 μάρπτοι
665 3079 803 3143 δυσθέοις
825 3078 999 3158 βραχίοσιν,
1102 3111 1107 3115 ·

335 3177 464 3257 βάλλων
486 3178 512 3242 δ’
535 3179 584 3260 ἅμ’
607 3182 798 3262 ἐχθίστοισιν
820 3179 960 3259 ὀμμάτων
981 3185 1092 3259 βολαῖς

336 3282 424 3363 κάτω,
446 3282 525 3346 κάτω
548 3283 635 3364 φέροι
656 3308 693 3362 με
715 3285 770 3363 τὴν
793 3285 985 3357 παναθλίαν,·

335 3386 370 3450 τδ
392 3388 506 3468 πρόσθε
528 3389 582 3465 μὲν
603 3389 661 3469 γδρ
684 3387 758 3472 ἦρχε
780 3389 950 3469 παγκρατὴς
972 3391 1044 3467 ἐμοῦ

336 3490 397 3553 τόθ’
420 3488 499 3569 ἡνίκ’
521 3492 579 3569 ἔζη,
604 3496 656 3554 νῦν
679 3493 712 3554 δὲ
735 3489 783 3555 καὶ
806 3493 904 3556 θανὼν
927 3493 1006 3571 ὅμως

336 3593 479 3675 δύσφρων
502 3592 642 3675 ἀλάστωρ
665 3599 760 3658 πᾶσιν
782 3596 930 3679 ἐμψύχοις
953 3596 1006 3669 ἔνι,

336 3697 450 3778 τεύχων
473 3697 583 3785 ἐμαυτῇΙ
605 3702 667 3761 τοῖς
689 3695 714 3760 τ’
737 3699 819 3777 ἔμοῖς
841 3699 946 3778 φίλοις
970 3693 1016 3761 ἀεὶ

337 3802 514 3882 στεναγμόν,
537 3801 620 3879 ἄτην,
643 3801 809 3881 συμφοράς,
832 3801 1011 3882 ἀλγηδόνας.
1055 3834 1129 3870 παπ.
1142 3835 1169 3869 ιτ.
