<?xml version="1.0" encoding="UTF-8"?>
<!DOCTYPE html PUBLIC "-//W3C//DTD XHTML 1.0 Transitional//EN"
    "http://www.w3.org/TR/xhtml1/DTD/xhtml1-transitional.dtd">
<html xmlns="http://www.w3.org/1999/xhtml" xml:lang="en" lang="en">
 <head>
  <title>
</title>
<meta http-equiv="Content-Type" content="text/html;charset=utf-8" />
  <meta name='ocr-system' content='tesseract 3.04.00' />
  <meta name='ocr-capabilities' content='ocr_page ocr_carea ocr_par ocr_line ocrx_word'/>
</head>
<body>
  <div class='ocr_page' id='page_1' title='image "./novaanthologiao01godlgoog/novaanthologiao01godlgoog_0153.png"; bbox 0 0 3052 4496; ppageno 0'>
   <div class='ocr_carea' id='block_1_1' title="bbox 631 332 846 381">
    <p class='ocr_par' dir='ltr' id='par_1_1' title="bbox 631 332 846 381">
     <span class='ocr_line' id='line_1_1' title="bbox 631 332 846 381; baseline 0.009 -2"><span class='ocrx_word' id='word_1_1' title='bbox 631 332 846 381; x_wconf 85' lang='lat' dir='ltr'>OXONIENSIS</span> 
     </span>
    </p>
   </div>
   <div class='ocr_carea' id='block_1_2' title="bbox 414 524 1051 1218">
    <p class='ocr_par' dir='ltr' id='par_1_2' title="bbox 414 524 1051 1218">
     <span class='ocr_line' id='line_1_2' title="bbox 694 524 793 565; baseline -0.01 0"><span class='ocrx_word' id='word_1_2' title='bbox 694 524 793 565; x_wconf 74' lang='lat' dir='ltr'>nxxx1</span> 
     </span>
     <span class='ocr_line' id='line_1_3' title="bbox 415 617 957 698; baseline 0.002 -17"><span class='ocrx_word' id='word_1_3' title='bbox 415 617 527 681; x_wconf 87' lang='grc' dir='ltr'>Πολλὰ</span> <span class='ocrx_word' id='word_1_4' title='bbox 548 621 604 696; x_wconf 82' lang='grc' dir='ltr'>μὲν</span> <span class='ocrx_word' id='word_1_5' title='bbox 625 617 681 698; x_wconf 84' lang='grc' dir='ltr'>ἤδη</span> <span class='ocrx_word' id='word_1_6' title='bbox 705 624 836 683; x_wconf 79' lang='grc' dir='ltr'>συνετῶν</span> <span class='ocrx_word' id='word_1_7' title='bbox 860 617 957 698; x_wconf 86' lang='grc' dir='ltr'>ἐφάνη</span> 
     </span>
     <span class='ocr_line' id='line_1_4' title="bbox 414 720 987 804; baseline 0.01 -21"><span class='ocrx_word' id='word_1_8' title='bbox 414 720 530 804; x_wconf 80' lang='grc' dir='ltr'>ῥήματα</span> <span class='ocrx_word' id='word_1_9' title='bbox 552 722 680 802; x_wconf 81' lang='grc' dir='ltr'>βίβλοις</span> <span class='ocrx_word' id='word_1_10' title='bbox 702 729 767 789; x_wconf 78' lang='grc' dir='ltr'>ταῖς</span> <span class='ocrx_word' id='word_1_11' title='bbox 789 749 822 788; x_wconf 92' lang='grc' dir='ltr'>τε</span> <span class='ocrx_word' id='word_1_12' title='bbox 843 727 987 789; x_wconf 79' lang='grc' dir='ltr'>παλαιαῖς</span> 
     </span>
     <span class='ocr_line' id='line_1_5' title="bbox 415 823 1051 908; baseline -0.002 -19"><span class='ocrx_word' id='word_1_13' title='bbox 415 827 668 908; x_wconf 77' lang='grc' dir='ltr'>ἐγκεχαραγμένα,</span> <span class='ocrx_word' id='word_1_14' title='bbox 691 833 755 892; x_wconf 79' lang='grc' dir='ltr'>ταῖς</span> <span class='ocrx_word' id='word_1_15' title='bbox 779 823 805 902; x_wconf 55' lang='lat' dir='ltr'>Of</span> <span class='ocrx_word' id='word_1_16' title='bbox 827 825 886 906; x_wconf 78' lang='grc' dir='ltr'>ἅμα</span> <span class='ocrx_word' id='word_1_17' title='bbox 909 833 968 890; x_wconf 86' lang='grc' dir='ltr'>τῶν</span> <span class='ocrx_word' id='word_1_18' title='bbox 991 832 1051 905; x_wconf 83' lang='grc' dir='ltr'>νῦν,</span> 
     </span>
     <span class='ocr_line' id='line_1_6' title="bbox 417 927 956 1012; baseline 0.006 -21"><span class='ocrx_word' id='word_1_19' title='bbox 417 927 455 992; x_wconf 85' lang='grc' dir='ltr'>ὧς</span> <span class='ocrx_word' id='word_1_20' title='bbox 477 929 514 991; x_wconf 92' lang='grc' dir='ltr'>τό</span> <span class='ocrx_word' id='word_1_21' title='bbox 536 955 571 1012; x_wconf 91' lang='grc' dir='ltr'>γε</span> <span class='ocrx_word' id='word_1_22' title='bbox 594 931 701 1006; x_wconf 79' lang='grc' dir='ltr'>τλῆναι</span> <span class='ocrx_word' id='word_1_23' title='bbox 724 929 787 992; x_wconf 84' lang='grc' dir='ltr'>κατ’</span> <span class='ocrx_word' id='word_1_24' title='bbox 811 931 956 1006; x_wconf 81' lang='grc' dir='ltr'>ἀλήθειαν</span> 
     </span>
     <span class='ocr_line' id='line_1_7' title="bbox 415 1033 838 1118; baseline 0.002 -23"><span class='ocrx_word' id='word_1_25' title='bbox 415 1038 477 1098; x_wconf 87' lang='grc' dir='ltr'>τοῖς</span> <span class='ocrx_word' id='word_1_26' title='bbox 499 1033 679 1116; x_wconf 85' lang='grc' dir='ltr'>ἆνδρείοισιν</span> <span class='ocrx_word' id='word_1_27' title='bbox 700 1033 838 1118; x_wconf 86' lang='grc' dir='ltr'>ὑπάρχει·</span> 
     </span>
     <span class='ocr_line' id='line_1_8' title="bbox 414 1135 925 1218; baseline 0.002 -19"><span class='ocrx_word' id='word_1_28' title='bbox 414 1137 554 1202; x_wconf 78' lang='grc' dir='ltr'>τοιούσδε</span> <span class='ocrx_word' id='word_1_29' title='bbox 574 1137 684 1218; x_wconf 80' lang='grc' dir='ltr'>λόγους</span> <span class='ocrx_word' id='word_1_30' title='bbox 706 1135 925 1218; x_wconf 82' lang='grc' dir='ltr'>ἐπιδειξάμενοι</span> 
     </span>
    </p>
   </div>
   <div class='ocr_carea' id='block_1_3' title="bbox 415 1237 953 1327">
    <p class='ocr_par' dir='ltr' id='par_1_3' title="bbox 415 1237 953 1327">
     <span class='ocr_line' id='line_1_9' title="bbox 415 1237 953 1327; baseline 0.004 -24"><span class='ocrx_word' id='word_1_31' title='bbox 415 1237 505 1326; x_wconf 82' lang='grc' dir='ltr'>τέχνῃ</span> <span class='ocrx_word' id='word_1_32' title='bbox 526 1243 647 1327; x_wconf 81' lang='grc' dir='ltr'>πιθανῇ,</span> <span class='ocrx_word' id='word_1_33' title='bbox 668 1247 727 1305; x_wconf 86' lang='grc' dir='ltr'>τῶν</span> <span class='ocrx_word' id='word_1_34' title='bbox 749 1267 782 1305; x_wconf 94' lang='grc' dir='ltr'>τε</span> <span class='ocrx_word' id='word_1_35' title='bbox 803 1247 953 1324; x_wconf 80' lang='grc' dir='ltr'>μεριμνῶν</span> 
     </span>
    </p>
   </div>
   <div class='ocr_carea' id='block_1_4' title="bbox 415 1342 1016 2670">
    <p class='ocr_par' dir='ltr' id='par_1_4' title="bbox 416 1342 902 1528">
     <span class='ocr_line' id='line_1_10' title="bbox 417 1342 869 1426; baseline 0.013 -20"><span class='ocrx_word' id='word_1_36' title='bbox 417 1342 581 1426; x_wconf 84' lang='grc' dir='ltr'>κηλητήρια</span> <span class='ocrx_word' id='word_1_37' title='bbox 602 1343 701 1424; x_wconf 80' lang='grc' dir='ltr'>λύπης</span> <span class='ocrx_word' id='word_1_38' title='bbox 723 1370 756 1408; x_wconf 92' lang='grc' dir='ltr'>τε</span> <span class='ocrx_word' id='word_1_39' title='bbox 778 1347 869 1421; x_wconf 83' lang='grc' dir='ltr'>κακῆς</span> 
     </span>
     <span class='ocr_line' id='line_1_11' title="bbox 416 1447 902 1528; baseline 0.002 -18"><span class='ocrx_word' id='word_1_40' title='bbox 416 1447 638 1526; x_wconf 81' lang='grc' dir='ltr'>ἐπιβάλλοντες</span> <span class='ocrx_word' id='word_1_41' title='bbox 660 1453 902 1528; x_wconf 86' lang='grc' dir='ltr'>παραμυθοῦνται</span> 
     </span>
    </p>

    <p class='ocr_par' dir='ltr' id='par_1_5' title="bbox 415 1549 1016 1838">
     <span class='ocr_line' id='line_1_12' title="bbox 417 1549 943 1632; baseline 0.002 -18"><span class='ocrx_word' id='word_1_42' title='bbox 417 1549 472 1614; x_wconf 83' lang='grc' dir='ltr'>τὸν</span> <span class='ocrx_word' id='word_1_43' title='bbox 491 1553 676 1631; x_wconf 88' lang='grc' dir='ltr'>δυσδαίμονα</span> <span class='ocrx_word' id='word_1_44' title='bbox 697 1556 788 1632; x_wconf 79' lang='grc' dir='ltr'>μηδὲν</span> <span class='ocrx_word' id='word_1_45' title='bbox 810 1553 943 1616; x_wconf 80' lang='grc' dir='ltr'>ὑπείκειν</span> 
     </span>
     <span class='ocr_line' id='line_1_13' title="bbox 415 1655 1016 1740; baseline 0.007 -22"><span class='ocrx_word' id='word_1_46' title='bbox 415 1661 478 1722; x_wconf 79' lang='grc' dir='ltr'>τοῖς</span> <span class='ocrx_word' id='word_1_47' title='bbox 499 1657 673 1740; x_wconf 91' lang='grc' dir='ltr'>μόχθοισιν,</span> <span class='ocrx_word' id='word_1_48' title='bbox 697 1658 835 1738; x_wconf 76' lang='grc' dir='ltr'>στέργειν</span> <span class='ocrx_word' id='word_1_49' title='bbox 857 1655 883 1720; x_wconf 87' lang='grc' dir='ltr'>δ’</span> <span class='ocrx_word' id='word_1_50' title='bbox 906 1657 925 1720; x_wconf 76' lang='grc' dir='ltr'>ἃ</span> <span class='ocrx_word' id='word_1_51' title='bbox 948 1657 1016 1722; x_wconf 84' lang='grc' dir='ltr'>θεὸς</span> 
     </span>
     <span class='ocr_line' id='line_1_14' title="bbox 417 1757 823 1838; baseline 0.01 -18"><span class='ocrx_word' id='word_1_52' title='bbox 417 1763 479 1824; x_wconf 75' lang='grc' dir='ltr'>τοῖς</span> <span class='ocrx_word' id='word_1_53' title='bbox 500 1758 633 1838; x_wconf 85' lang='grc' dir='ltr'>ἡμερίοις</span> <span class='ocrx_word' id='word_1_54' title='bbox 654 1757 823 1836; x_wconf 78' lang='grc' dir='ltr'>ἐπιπέμπει.</span> 
     </span>
    </p>

    <p class='ocr_par' dir='ltr' id='par_1_6' title="bbox 416 1861 1000 2570">
     <span class='ocr_line' id='line_1_15' title="bbox 417 1861 1000 1946; baseline 0.007 -22"><span class='ocrx_word' id='word_1_55' title='bbox 417 1861 488 1925; x_wconf 83' lang='grc' dir='ltr'>ἀλλ’</span> <span class='ocrx_word' id='word_1_56' title='bbox 508 1862 542 1925; x_wconf 82' lang='grc' dir='ltr'>οὐ</span> <span class='ocrx_word' id='word_1_57' title='bbox 564 1865 622 1946; x_wconf 80' lang='grc' dir='ltr'>γὰρ</span> <span class='ocrx_word' id='word_1_58' title='bbox 644 1861 696 1928; x_wconf 88' lang='grc' dir='ltr'>τὸν</span> <span class='ocrx_word' id='word_1_59' title='bbox 718 1868 895 1944; x_wconf 87' lang='grc' dir='ltr'>στυγεραῐσι</span> <span class='ocrx_word' id='word_1_60' title='bbox 918 1863 1000 1929; x_wconf 83' lang='grc' dir='ltr'>δύαις</span> 
     </span>
     <span class='ocr_line' id='line_1_16' title="bbox 416 1967 967 2048; baseline 0.007 -19"><span class='ocrx_word' id='word_1_61' title='bbox 416 1967 674 2048; x_wconf 88' lang='grc' dir='ltr'>κατατρυχόμενον</span> <span class='ocrx_word' id='word_1_62' title='bbox 695 1967 801 2030; x_wconf 88' lang='grc' dir='ltr'>κείνων</span> <span class='ocrx_word' id='word_1_63' title='bbox 824 1968 839 2029; x_wconf 86' lang='grc' dir='ltr'>ό</span> <span class='ocrx_word' id='word_1_64' title='bbox 862 1967 967 2048; x_wconf 83' lang='grc' dir='ltr'>ψόφος</span> 
     </span>
     <span class='ocr_line' id='line_1_17' title="bbox 418 2067 927 2153; baseline 0.006 -21"><span class='ocrx_word' id='word_1_65' title='bbox 418 2073 505 2150; x_wconf 82' lang='grc' dir='ltr'>αίρει,</span> <span class='ocrx_word' id='word_1_66' title='bbox 527 2067 663 2149; x_wconf 87' lang='grc' dir='ltr'>κάμουσα</span> <span class='ocrx_word' id='word_1_67' title='bbox 685 2070 766 2153; x_wconf 82' lang='grc' dir='ltr'>νόσῳ</span> <span class='ocrx_word' id='word_1_68' title='bbox 790 2075 927 2135; x_wconf 83' lang='grc' dir='ltr'>κελαδεῖν</span> 
     </span>
     <span class='ocr_line' id='line_1_18' title="bbox 419 2169 948 2254; baseline 0.004 -18"><span class='ocrx_word' id='word_1_69' title='bbox 419 2174 559 2254; x_wconf 89' lang='grc' dir='ltr'>φαίνεται</span> <span class='ocrx_word' id='word_1_70' title='bbox 582 2173 695 2251; x_wconf 84' lang='grc' dir='ltr'>άλλως,</span> <span class='ocrx_word' id='word_1_71' title='bbox 718 2170 756 2251; x_wconf 83' lang='grc' dir='ltr'>ἢν</span> <span class='ocrx_word' id='word_1_72' title='bbox 774 2169 818 2253; x_wconf 73' lang='grc' dir='ltr'>Ιμὴ</span> <span class='ocrx_word' id='word_1_73' title='bbox 842 2174 948 2238; x_wconf 87' lang='grc' dir='ltr'>θεόθεν</span> 
     </span>
     <span class='ocr_line' id='line_1_19' title="bbox 416 2273 974 2362; baseline -0.007 -20"><span class='ocrx_word' id='word_1_74' title='bbox 416 2280 520 2361; x_wconf 73' lang='grc' dir='ltr'>ψυχῆς</span> <span class='ocrx_word' id='word_1_75' title='bbox 542 2280 667 2357; x_wconf 80' lang='grc' dir='ltr'>θολερᾶς</span> <span class='ocrx_word' id='word_1_76' title='bbox 691 2275 816 2357; x_wconf 82' lang='grc' dir='ltr'>κρύφιόν</span> <span class='ocrx_word' id='word_1_77' title='bbox 838 2302 867 2339; x_wconf 91' lang='grc' dir='ltr'>τι</span> <span class='ocrx_word' id='word_1_78' title='bbox 889 2273 974 2362; x_wconf 79' lang='grc' dir='ltr'>λάβῃ</span> 
     </span>
     <span class='ocr_line' id='line_1_20' title="bbox 418 2377 990 2464; baseline 0 -21"><span class='ocrx_word' id='word_1_79' title='bbox 418 2378 529 2462; x_wconf 87' lang='grc' dir='ltr'>θάρσος</span> <span class='ocrx_word' id='word_1_80' title='bbox 551 2379 659 2461; x_wconf 91' lang='grc' dir='ltr'>νεαράν</span> <span class='ocrx_word' id='word_1_81' title='bbox 681 2406 713 2444; x_wconf 93' lang='grc' dir='ltr'>τε</span> <span class='ocrx_word' id='word_1_82' title='bbox 737 2377 860 2460; x_wconf 85' lang='grc' dir='ltr'>κράτους</span> <span class='ocrx_word' id='word_1_83' title='bbox 881 2378 990 2464; x_wconf 80' lang='grc' dir='ltr'>πηγήν,</span> 
     </span>
     <span class='ocr_line' id='line_1_21' title="bbox 420 2483 686 2570; baseline 0 -23"><span class='ocrx_word' id='word_1_84' title='bbox 420 2483 474 2547; x_wconf 88' lang='grc' dir='ltr'>κάν</span> <span class='ocrx_word' id='word_1_85' title='bbox 496 2509 541 2549; x_wconf 91' lang='grc' dir='ltr'>τις</span> <span class='ocrx_word' id='word_1_86' title='bbox 564 2484 686 2570; x_wconf 82' lang='grc' dir='ltr'>άπείπῃ,</span> 
     </span>
    </p>

    <p class='ocr_par' dir='ltr' id='par_1_7' title="bbox 417 2588 835 2670">
     <span class='ocr_line' id='line_1_22' title="bbox 417 2588 835 2670; baseline 0.002 -21"><span class='ocrx_word' id='word_1_87' title='bbox 417 2588 529 2669; x_wconf 86' lang='grc' dir='ltr'>βαρέος</span> <span class='ocrx_word' id='word_1_88' title='bbox 551 2589 710 2668; x_wconf 85' lang='grc' dir='ltr'>θελκτήρια</span> <span class='ocrx_word' id='word_1_89' title='bbox 733 2593 835 2670; x_wconf 85' lang='grc' dir='ltr'>θυμοῦ.</span> 
     </span>
    </p>
   </div>
   <div class='ocr_carea' id='block_1_5' title="bbox 690 2948 804 2988">
    <p class='ocr_par' dir='ltr' id='par_1_8' title="bbox 690 2948 804 2988">
     <span class='ocr_line' id='line_1_23' title="bbox 690 2948 804 2988; baseline -0.009 0"><span class='ocrx_word' id='word_1_90' title='bbox 690 2948 804 2988; x_wconf 82' lang='lat' dir='ltr'>LXXXII</span> 
     </span>
    </p>
   </div>
   <div class='ocr_carea' id='block_1_6' title="bbox 325 3041 1184 3805">
    <p class='ocr_par' dir='ltr' id='par_1_9' title="bbox 325 3041 1163 3219">
     <span class='ocr_line' id='line_1_24' title="bbox 325 3041 1163 3122; baseline -0.001 -19"><span class='ocrx_word' id='word_1_91' title='bbox 325 3043 437 3104; x_wconf 75' lang='lat' dir='ltr'><strong>Prodit</strong></span> <span class='ocrx_word' id='word_1_92' title='bbox 457 3044 588 3119; x_wconf 81' lang='lat' dir='ltr'><strong>pulchra</strong></span> <span class='ocrx_word' id='word_1_93' title='bbox 609 3044 705 3104; x_wconf 79' lang='lat' dir='ltr'><strong>Chloe</strong></span> <span class='ocrx_word' id='word_1_94' title='bbox 726 3041 868 3122; x_wconf 75' lang='lat' dir='ltr'><strong>(fateor);</strong></span> <span class='ocrx_word' id='word_1_95' title='bbox 890 3062 955 3102; x_wconf 88' lang='lat' dir='ltr'>non</span> <span class='ocrx_word' id='word_1_96' title='bbox 974 3043 1042 3118; x_wconf 89' lang='lat' dir='ltr'><strong>ipsa</strong></span> <span class='ocrx_word' id='word_1_97' title='bbox 1062 3041 1163 3102; x_wconf 87' lang='lat' dir='ltr'><strong>Dione</strong></span> 
     </span>
     <span class='ocr_line' id='line_1_25' title="bbox 368 3141 1009 3219; baseline 0 -18"><span class='ocrx_word' id='word_1_98' title='bbox 368 3142 468 3219; x_wconf 75' lang='lat' dir='ltr'>surgit</span> <span class='ocrx_word' id='word_1_99' title='bbox 487 3141 627 3218; x_wconf 83' lang='lat' dir='ltr'><strong>Apelleis</strong></span> <span class='ocrx_word' id='word_1_100' title='bbox 648 3141 809 3218; x_wconf 81' lang='lat' dir='ltr'>pulchrior</span> <span class='ocrx_word' id='word_1_101' title='bbox 829 3141 864 3200; x_wconf 91' lang='lat' dir='ltr'>in</span> <span class='ocrx_word' id='word_1_102' title='bbox 885 3141 1009 3201; x_wconf 74' lang='lat' dir='ltr'><strong>tabulis.</strong></span> 
     </span>
    </p>

    <p class='ocr_par' dir='ltr' id='par_1_10' title="bbox 327 3239 1162 3414">
     <span class='ocr_line' id='line_1_26' title="bbox 327 3239 1081 3316; baseline -0.001 -17"><span class='ocrx_word' id='word_1_103' title='bbox 327 3261 382 3300; x_wconf 81' lang='lat' dir='ltr'>aur</span> <span class='ocrx_word' id='word_1_104' title='bbox 402 3240 518 3299; x_wconf 82' lang='lat' dir='ltr'><strong>maiore</strong></span> <span class='ocrx_word' id='word_1_105' title='bbox 538 3243 644 3299; x_wconf 83' lang='lat' dir='ltr'><strong>tamen</strong></span> <span class='ocrx_word' id='word_1_106' title='bbox 665 3240 766 3316; x_wconf 78' lang='lat' dir='ltr'><strong>tangit</strong></span> <span class='ocrx_word' id='word_1_107' title='bbox 788 3239 952 3299; x_wconf 77' lang='lat' dir='ltr'>dulcedine</span> <span class='ocrx_word' id='word_1_108' title='bbox 972 3243 1081 3316; x_wconf 76' lang='lat' dir='ltr'><strong>pactus</strong></span> 
     </span>
     <span class='ocr_line' id='line_1_27' title="bbox 367 3337 1162 3414; baseline -0.005 -15"><span class='ocrx_word' id='word_1_109' title='bbox 367 3338 511 3414; x_wconf 78' lang='lat' dir='ltr'><strong>Cynthia,</strong></span> <span class='ocrx_word' id='word_1_110' title='bbox 534 3357 668 3414; x_wconf 82' lang='lat' dir='ltr'><strong>praeque</strong></span> <span class='ocrx_word' id='word_1_111' title='bbox 689 3338 758 3397; x_wconf 86' lang='lat' dir='ltr'><strong>aliia</strong></span> <span class='ocrx_word' id='word_1_112' title='bbox 780 3337 929 3397; x_wconf 83' lang='lat' dir='ltr'>omnibus</span> <span class='ocrx_word' id='word_1_113' title='bbox 950 3357 1013 3397; x_wconf 90' lang='lat' dir='ltr'>una</span> <span class='ocrx_word' id='word_1_114' title='bbox 1034 3337 1162 3414; x_wconf 79' lang='lat' dir='ltr'><strong>placet?</strong></span> 
     </span>
    </p>

    <p class='ocr_par' dir='ltr' id='par_1_11' title="bbox 327 3435 1018 3611">
     <span class='ocr_line' id='line_1_28' title="bbox 327 3435 1018 3498; baseline 0.006 -5"><span class='ocrx_word' id='word_1_115' title='bbox 327 3436 444 3496; x_wconf 79' lang='lat' dir='ltr'><strong>seilicet</strong></span> <span class='ocrx_word' id='word_1_116' title='bbox 464 3436 550 3494; x_wconf 86' lang='lat' dir='ltr'><strong>illius</strong></span> <span class='ocrx_word' id='word_1_117' title='bbox 572 3435 736 3496; x_wconf 84' lang='lat' dir='ltr'><strong>referentia</strong></span> <span class='ocrx_word' id='word_1_118' title='bbox 756 3437 878 3496; x_wconf 86' lang='lat' dir='ltr'><strong>lumina</strong></span> <span class='ocrx_word' id='word_1_119' title='bbox 899 3438 1018 3498; x_wconf 87' lang='lat' dir='ltr'><strong>caelum</strong></span> 
     </span>
     <span class='ocr_line' id='line_1_29' title="bbox 367 3535 993 3611; baseline 0.005 -18"><span class='ocrx_word' id='word_1_120' title='bbox 367 3535 499 3610; x_wconf 82' lang='lat' dir='ltr'><strong>pictores</strong></span> <span class='ocrx_word' id='word_1_121' title='bbox 520 3538 680 3611; x_wconf 79' lang='lat' dir='ltr'><strong>nequeunt</strong></span> <span class='ocrx_word' id='word_1_122' title='bbox 698 3538 765 3594; x_wconf 73' lang='lat' dir='ltr'><strong>arte</strong></span> <span class='ocrx_word' id='word_1_123' title='bbox 787 3535 900 3596; x_wconf 86' lang='lat' dir='ltr'><strong>referre</strong></span> <span class='ocrx_word' id='word_1_124' title='bbox 920 3556 993 3596; x_wconf 85' lang='lat' dir='ltr'><strong>sua:</strong></span> 
     </span>
    </p>

    <p class='ocr_par' dir='ltr' id='par_1_12' title="bbox 327 3632 1184 3805">
     <span class='ocr_line' id='line_1_30' title="bbox 327 3632 1184 3711; baseline 0 -21"><span class='ocrx_word' id='word_1_125' title='bbox 327 3635 358 3690; x_wconf 76' lang='lat' dir='ltr'>et</span> <span class='ocrx_word' id='word_1_126' title='bbox 378 3633 499 3710; x_wconf 78' lang='lat' dir='ltr'><strong>quoties</strong></span> <span class='ocrx_word' id='word_1_127' title='bbox 519 3632 666 3710; x_wconf 86' lang='lat' dir='ltr'><strong>loquitur,</strong></span> <span class='ocrx_word' id='word_1_128' title='bbox 691 3634 808 3694; x_wconf 81' lang='lat' dir='ltr'>discors</span> <span class='ocrx_word' id='word_1_129' title='bbox 829 3637 919 3694; x_wconf 78' lang='lat' dir='ltr'><strong>sonat</strong></span> <span class='ocrx_word' id='word_1_130' title='bbox 939 3635 1007 3711; x_wconf 84' lang='lat' dir='ltr'><strong>ipsa</strong></span> <span class='ocrx_word' id='word_1_131' title='bbox 1027 3632 1184 3710; x_wconf 83' lang='lat' dir='ltr'><strong>palumbis</strong></span> 
     </span>
     <span class='ocr_line' id='line_1_31' title="bbox 369 3732 1077 3805; baseline 0 -15"><span class='ocrx_word' id='word_1_132' title='bbox 369 3734 434 3790; x_wconf 81' lang='lat' dir='ltr'>tam</span> <span class='ocrx_word' id='word_1_133' title='bbox 454 3732 535 3791; x_wconf 89' lang='lat' dir='ltr'><strong>bona</strong></span> <span class='ocrx_word' id='word_1_134' title='bbox 555 3751 638 3805; x_wconf 81' lang='lat' dir='ltr'>vox3</span> <span class='ocrx_word' id='word_1_135' title='bbox 664 3732 740 3792; x_wconf 87' lang='lat' dir='ltr'><strong>adeo</strong></span> <span class='ocrx_word' id='word_1_136' title='bbox 761 3733 883 3793; x_wconf 82' lang='lat' dir='ltr'><strong>dulcius</strong></span> <span class='ocrx_word' id='word_1_137' title='bbox 903 3733 959 3793; x_wconf 88' lang='lat' dir='ltr'><strong>illa</strong></span> <span class='ocrx_word' id='word_1_138' title='bbox 979 3736 1077 3792; x_wconf 82' lang='lat' dir='ltr'><strong>sonat.</strong></span> 
     </span>
    </p>
   </div>
   <div class='ocr_carea' id='block_1_7' title="bbox 0 0 1537 4496">
    <p class='ocr_par' dir='ltr' id='par_1_13' title="bbox 0 0 1537 4496">
     <span class='ocr_line' id='line_1_32' title="bbox 0 0 1537 4496; baseline 0 0"><span class='ocrx_word' id='word_1_139' title='bbox 0 0 1537 4496; x_wconf 95' lang='lat' dir='ltr'> </span> 
     </span>
    </p>
   </div>
  </div>
 </body>
</html>
