3010 4494
624 379 839 429 OXONIENSIS

364 537 455 620 τύχην
477 538 646 620 λαχόντων,
667 537 734 603 τοὺς
756 538 935 617 τεθνηκότας
958 537 1050 620 λέγω.

363 643 482 720 ἀπόδος,
506 644 651 723 ἱκνοῦμαι,
673 644 713 729 γῇ
734 643 773 724 μ’,
798 641 977 722 ἀπάλλαξον
999 645 1101 725 μόρου.

364 747 436 827 ὄψει
457 747 610 826 πανόπτης
633 747 710 810 οδσα
731 750 869 812 Τιθωνοῦ
891 745 1000 828 τάφον.

363 847 505 927 δειθαλής
528 874 578 912 σοι
602 849 736 928 καλλονὴ
761 849 823 912 καθ’
846 848 959 931 ἡμέραν

363 952 458 1016 ἔσται·
494 947 574 1018 κόνις
596 956 629 1017 δὲ
653 952 904 1034 συμπεφυρμένος
927 953 1007 1018 κόνει

362 1054 434 1121 τέως
456 1056 553 1138 ἔγωγε
575 1060 628 1136 τῆς
651 1056 741 1120 ἄνωθ’
765 1058 885 1137 ἐρημίας

362 1158 561 1240 ἆμνημονήσω
583 1163 682 1239 τῆσδε,
707 1161 755 1224 καὶ
779 1161 878 1239 σέθεν,
901 1159 965 1236 θεό,

362 1264 484 1328 δίαυλον
507 1265 663 1347 ἆργνροῖσι
686 1264 879 1345 καμπτούσης
901 1269 1030 1349 τροχοῖς.

1059 1379 1198 1417 naam

714 1662 757 1704 XV

299 1761 321 1818 1.
363 1755 477 1838 Ὀργὴν
502 1761 663 1840 κατασχοΰ·
695 1756 749 1823 κᾶν
771 1762 949 1841 μεταγνοίης
972 1765 1054 1830 ἴσως.

299 1860 339 1919 Ω.
363 1856 397 1919 ού
418 1854 490 1935 δῆτ’,
511 1848 628 1937 ’δ’όγων.
660 1857 700 1924 ὣς
722 1861 779 1940 γὰρ
803 1857 839 1938 ἐξ
859 1860 925 1927 ἑνὸς
946 1862 1037 1944 ῥόθου

362 1959 483 2044 φοχρὰς
506 1961 637 2024 κυλίνδει
660 1960 768 2028 πόντος
792 1961 936 2042 Εὔξεινος
957 1966 1029 2047 ῥοὰς

364 2064 421 2129 οὐδ’
445 2063 483 2128 δν
506 2062 604 2144 ξυνείη
629 2064 686 2129 σδν
706 2067 869 2150 παλιρροία
891 2072 986 2145 βυθοῦ

363 2169 500 2251 ἄψορρον
522 2170 632 2233 ἐλθεῖν·
664 2171 696 2232 ἐκ
719 2174 752 2234 δὲ
775 2172 829 2248 τῆς
853 2172 1058 2252 Προποντίδος

363 2273 439 2356 ὁρμᾷ
461 2277 536 2353 πρὸς
557 2269 799 2351 Ἑλλήσποντον·
831 2274 973 2339 ὡσαύτως
995 2273 1021 2338 δ’
1044 2277 1102 2357 ἐγὼ

362 2377 453 2456 ὀργῆς
475 2377 568 2461 βιαίῳ
591 2381 665 2457 πρδς
687 2378 785 2457 φόνον
808 2378 948 2443 σπεύδων
969 2380 1068 2463 δρόμῳ

362 2482 414 2545 οὐκ
436 2479 474 2544 δν
497 2480 633 2564 δρόμοιμ’
654 2479 791 2563 ἄψορρον
813 2484 845 2545 ἐκ
868 2483 1071 2563 πλημμυρίδος

363 2590 483 2665 φαῦλον
504 2589 606 2648 ποθῶν
629 2585 734 2666 ἔρωτα,
757 2586 828 2666 πρὶν
851 2585 946 2652 πολὺς
968 2586 1042 2669 ῥέων

363 2688 438 2774 ἐκβῇ
460 2689 581 2752 τελείαν
604 2690 695 2767 θυμὸς
719 2688 761 2753 εἰς
783 2689 936 2769 τιμωρίαν.

362 2790 484 2854 τοιοῦτό
506 2816 551 2853 τοι
575 2796 649 2871 πρὸς
672 2795 768 2868 Ζηνδς
790 2790 836 2870 ἠδ’
858 2791 1034 2871 Ὀλυμπίων

363 2896 451 2976 ὅρκον
473 2895 606 2974 σεβίζων
627 2896 748 2960 ἐνδίκως
771 2895 924 2974 έπιόμοσα.

320 3046 326 3058 .
362 2997 451 3082 εύχοί
475 2997 512 3062 δν
533 2997 637 3063 αύτως·
671 2997 741 3061 ἀλλ’
767 2996 855 3080 ἔγωγ’
876 2997 1053 3078 ὑφίσταμαι,

364 3104 540 3184 δρκωμοτῶν
561 3104 707 3183 τηλαυγὲς
729 3102 817 3181 ἡλίου
840 3101 934 3167 σέλας

363 3202 410 3269 καὶ
433 3205 513 3269 τόνδ’
537 3203 585 3285 ἅμ’
610 3203 704 3286 αίθέρ’
727 3207 810 3271 όστις
833 3205 982 3289 ἆμπίσχει
1003 3208 1142 3288 βροτούς,

363 3308 381 3388 ἦ
402 3309 461 3388 μὴν
483 3308 623 3373 ἁπάντων
645 3306 903 3390 δνθυπουργήσειν
926 3310 1010 3387 δίκην

363 3413 444 3477 ὅσων
467 3413 610 3495 έπασχες,
633 3415 710 3476 εἴτι
733 3415 805 3493 δρᾶν
826 3411 990 3491 δυνήσομαι

361 3513 379 3593 ἢ
402 3514 480 3599 χειρί
503 3516 615 3596 βρίσας
636 3512 655 3593 ἢ
679 3522 798 3596 φρενῶν
819 3517 923 3601 γνώμῃ
946 3517 1051 3582 πλέον.

364 3619 383 3682 δ
404 3624 449 3684 δεῖ
471 3619 635 3686 κελεύσεις·
666 3617 731 3683 ἀντὶ
754 3619 779 3682 δ’
802 3620 948 3702 αίσχύνης
972 3619 1049 3698 έμοί,

365 3721 418 3788 κδν
441 3725 514 3804 οἶμα
537 3722 648 3805 πρόξω,
673 3721 821 3801 στήσεται
844 3722 1016 3802 πειθαρχία.

1096 3819 1122 3853 Δ.
1136 3812 1191 3854 ιτα.
