3004 4520
548 377 552 387 .
613 347 828 394 OXONIENSIS

705 1073 741 1112 CL

305 1169 400 1229 Nulla
420 1169 499 1245 pet't
519 1188 653 1229 manans
674 1169 709 1228 in
729 1172 852 1230 nostros
874 1169 1001 1230 lacrima
1021 1170 1131 1230 vultus

347 1270 382 1326 ut
403 1267 444 1327 sit
465 1267 624 1343 digressus
645 1268 744 1327 serior
764 1268 843 1328 hora
864 1268 912 1327 tui
923 1291 931 1342 ;

304 1386 395 1426 mens
416 1365 532 1425 etenim
553 1387 619 1426 non
640 1369 687 1425 est
708 1366 798 1427 molli
818 1386 927 1444 parere
947 1367 1054 1426 timori

346 1467 453 1524 nestra
473 1484 530 1524 nec
550 1464 689 1524 imbellis
709 1485 784 1524 ausa
805 1485 912 1542 rogare
933 1485 1047 1525 moras.

303 1566 427 1639 pectora
448 1563 601 1635 deficiant,
626 1565 713 1622 coeat
733 1563 900 1622 formidine
920 1563 1055 1640 sanguis,

344 1661 447 1720 vincla
468 1661 523 1720 sed
545 1660 696 1736 Hispanis
717 1663 792 1720 sunt
812 1661 980 1721 adimenda
999 1661 1095 1734 viris;

304 1762 336 1817 et
356 1759 458 1835 pudor
478 1761 510 1817 et
530 1759 651 1835 patriae
671 1779 749 1835 quae
771 1759 856 1818 sensi
876 1759 980 1819 debita
1000 1761 1099 1818 terrae

344 1858 419 1916 sunt
440 1856 522 1915 mihi
543 1856 631 1927 (nam
652 1857 762 1934 fateor)
784 1857 883 1932 pluris
905 1877 1010 1916 amore
1031 1860 1095 1917 tuo.

304 1973 377 2030 ergo
399 1974 463 2032 age,
488 1974 578 2030 carpe
598 1955 704 2014 viam:
726 1975 800 2014 nam
822 1976 878 2016 ceu
898 1955 1023 2026 vexilla,
1047 1975 1102 2030 per
1123 1975 1214 2015 auras

345 2052 433 2110 mille
453 2072 540 2112 meae
561 2055 665 2113 tecum
686 2053 808 2112 somnia
829 2052 944 2112 mentis
965 2055 1060 2126 eunt3

305 2170 369 2209 non
389 2151 523 2210 aberunt
543 2151 645 2211 tacitis
666 2172 723 2227 pro
744 2153 774 2211 te
795 2154 868 2212 vota
889 2151 972 2211 edita
992 2151 1089 2211 labris

345 2269 477 2326 spesque
498 2251 573 2309 satis
594 2249 694 2310 facilis
714 2249 768 2309 vix
789 2250 934 2309 habitura
955 2251 1037 2310 deos·

306 2347 332 2404 si
352 2349 502 2423 pereunte
524 2351 723 2407 tamencum
744 2348 886 2408 libertate
906 2348 1031 2424 peribis,

346 2446 392 2504 nil
412 2446 493 2504 mihi
514 2448 673 2522 praeterea
695 2447 777 2522 quod
798 2447 939 2506 doleatur
959 2447 1036 2520 erit3

306 2543 408 2602 omnis
429 2543 516 2602 enim
537 2565 648 2604 sensus
668 2545 847 2621 diffugerit3
875 2565 940 2603 una
960 2545 1100 2603 manebit

346 2642 537 2719 praecipiens
557 2644 681 2703 nostros
701 2663 772 2718 spes
792 2643 971 2702 malesuada
991 2663 1090 2718 rogos.

306 2740 356 2798 sin
377 2741 461 2800 favet
481 2740 614 2816 inceptis
635 2742 712 2801 deus
732 2745 923 2816 eventusque
944 2740 1103 2813 secundat,

289 2839 291 2844 ’
346 2839 374 2897 si
394 2858 470 2899 suus
490 2839 643 2916 Hispanis
661 2843 709 2900 est
730 2839 888 2899 rediturus
908 2840 1030 2912 h0n0r;

306 2937 365 2995 hoc
386 2937 446 2996 crit
465 2936 500 2995 in
520 2938 610 3012 votis,
635 2941 670 2998 ut
691 2938 783 2997 fracti
802 2937 934 2996 nuntius
955 2937 1057 2997 hostis

346 3034 388 3094 sit
409 3035 489 3094 mihi
509 3036 654 3096 laetantis
674 3036 756 3097 risus
774 3036 809 3095 in
831 3056 881 3096 cre
902 3036 970 3096 viri.

1095 3148 1113 3182 J.
1129 3148 1154 3180 A.
1167 3147 1193 3179 (i.
